%YAML 1.1
%TAG !u! tag:unity3d.com,2011:
--- !u!1 &5202050638976931969
GameObject:
  m_ObjectHideFlags: 0
  m_CorrespondingSourceObject: {fileID: 0}
  m_PrefabInstance: {fileID: 0}
  m_PrefabAsset: {fileID: 0}
  serializedVersion: 6
  m_Component:
  - component: {fileID: 5202050638977418465}
  m_Layer: 0
  m_Name: finger2_1.L
  m_TagString: Untagged
  m_Icon: {fileID: 0}
  m_NavMeshLayer: 0
  m_StaticEditorFlags: 0
  m_IsActive: 1
--- !u!4 &5202050638977418465
Transform:
  m_ObjectHideFlags: 0
  m_CorrespondingSourceObject: {fileID: 0}
  m_PrefabInstance: {fileID: 0}
  m_PrefabAsset: {fileID: 0}
  m_GameObject: {fileID: 5202050638976931969}
  m_LocalRotation: {x: -0.09641991, y: 0.79249126, z: 0.13268049, w: 0.5874153}
  m_LocalPosition: {x: -0.00036070115, y: 0.0033425258, z: -0.0011294073}
  m_LocalScale: {x: 0.99999994, y: 1.0000004, z: 1}
  m_Children:
  - {fileID: 5202050638977418469}
  m_Father: {fileID: 5202050638977418381}
  m_RootOrder: 1
  m_LocalEulerAnglesHint: {x: 0, y: 0, z: 0}
--- !u!1 &5202050638976931971
GameObject:
  m_ObjectHideFlags: 0
  m_CorrespondingSourceObject: {fileID: 0}
  m_PrefabInstance: {fileID: 0}
  m_PrefabAsset: {fileID: 0}
  serializedVersion: 6
  m_Component:
  - component: {fileID: 5202050638977418467}
  m_Layer: 0
  m_Name: finger2_1.R
  m_TagString: Untagged
  m_Icon: {fileID: 0}
  m_NavMeshLayer: 0
  m_StaticEditorFlags: 0
  m_IsActive: 1
--- !u!4 &5202050638977418467
Transform:
  m_ObjectHideFlags: 0
  m_CorrespondingSourceObject: {fileID: 0}
  m_PrefabInstance: {fileID: 0}
  m_PrefabAsset: {fileID: 0}
  m_GameObject: {fileID: 5202050638976931971}
  m_LocalRotation: {x: 0.13930085, y: 0.0627869, z: 0.086580575, w: 0.9844577}
  m_LocalPosition: {x: 0.0010421481, y: 0.0033425263, z: 0.0005653251}
  m_LocalScale: {x: 0.99999994, y: 0.99999994, z: 0.99999976}
  m_Children:
  - {fileID: 5202050638977418473}
  m_Father: {fileID: 5202050638977418383}
  m_RootOrder: 1
  m_LocalEulerAnglesHint: {x: 0, y: 0, z: 0}
--- !u!1 &5202050638976931973
GameObject:
  m_ObjectHideFlags: 0
  m_CorrespondingSourceObject: {fileID: 0}
  m_PrefabInstance: {fileID: 0}
  m_PrefabAsset: {fileID: 0}
  serializedVersion: 6
  m_Component:
  - component: {fileID: 5202050638977418469}
  m_Layer: 0
  m_Name: finger2_2.L
  m_TagString: Untagged
  m_Icon: {fileID: 0}
  m_NavMeshLayer: 0
  m_StaticEditorFlags: 0
  m_IsActive: 1
--- !u!4 &5202050638977418469
Transform:
  m_ObjectHideFlags: 0
  m_CorrespondingSourceObject: {fileID: 0}
  m_PrefabInstance: {fileID: 0}
  m_PrefabAsset: {fileID: 0}
  m_GameObject: {fileID: 5202050638976931973}
  m_LocalRotation: {x: -0.2620463, y: -0.15800895, z: 0.039481916, w: 0.951213}
  m_LocalPosition: {x: 8.9406965e-10, y: 0.0021628889, z: 0.0000000013411044}
  m_LocalScale: {x: 0.99999994, y: 1, z: 1.0000001}
  m_Children:
  - {fileID: 5202050638977418471}
  m_Father: {fileID: 5202050638977418465}
  m_RootOrder: 0
  m_LocalEulerAnglesHint: {x: 0, y: 0, z: 0}
--- !u!1 &5202050638976931975
GameObject:
  m_ObjectHideFlags: 0
  m_CorrespondingSourceObject: {fileID: 0}
  m_PrefabInstance: {fileID: 0}
  m_PrefabAsset: {fileID: 0}
  serializedVersion: 6
  m_Component:
  - component: {fileID: 5202050638977418471}
  m_Layer: 0
  m_Name: finger2_2.L_end
  m_TagString: Untagged
  m_Icon: {fileID: 0}
  m_NavMeshLayer: 0
  m_StaticEditorFlags: 0
  m_IsActive: 1
--- !u!4 &5202050638977418471
Transform:
  m_ObjectHideFlags: 0
  m_CorrespondingSourceObject: {fileID: 0}
  m_PrefabInstance: {fileID: 0}
  m_PrefabAsset: {fileID: 0}
  m_GameObject: {fileID: 5202050638976931975}
  m_LocalRotation: {x: 0, y: -0, z: -0, w: 1}
  m_LocalPosition: {x: -0, y: 0.0023691745, z: 0}
  m_LocalScale: {x: 1, y: 1, z: 1}
  m_Children: []
  m_Father: {fileID: 5202050638977418469}
  m_RootOrder: 0
  m_LocalEulerAnglesHint: {x: 0, y: 0, z: 0}
--- !u!1 &5202050638976931977
GameObject:
  m_ObjectHideFlags: 0
  m_CorrespondingSourceObject: {fileID: 0}
  m_PrefabInstance: {fileID: 0}
  m_PrefabAsset: {fileID: 0}
  serializedVersion: 6
  m_Component:
  - component: {fileID: 5202050638977418473}
  m_Layer: 0
  m_Name: finger2_2.R
  m_TagString: Untagged
  m_Icon: {fileID: 0}
  m_NavMeshLayer: 0
  m_StaticEditorFlags: 0
  m_IsActive: 1
--- !u!4 &5202050638977418473
Transform:
  m_ObjectHideFlags: 0
  m_CorrespondingSourceObject: {fileID: 0}
  m_PrefabInstance: {fileID: 0}
  m_PrefabAsset: {fileID: 0}
  m_GameObject: {fileID: 5202050638976931977}
  m_LocalRotation: {x: 0.2547187, y: -0.2994514, z: 0.07311245, w: 0.9165707}
  m_LocalPosition: {x: -0, y: 0.0021628893, z: 6.298069e-10}
  m_LocalScale: {x: 0.9999999, y: 0.99999994, z: 0.99999994}
  m_Children:
  - {fileID: 5202050638977418475}
  m_Father: {fileID: 5202050638977418467}
  m_RootOrder: 0
  m_LocalEulerAnglesHint: {x: 0, y: 0, z: 0}
--- !u!1 &5202050638976931979
GameObject:
  m_ObjectHideFlags: 0
  m_CorrespondingSourceObject: {fileID: 0}
  m_PrefabInstance: {fileID: 0}
  m_PrefabAsset: {fileID: 0}
  serializedVersion: 6
  m_Component:
  - component: {fileID: 5202050638977418475}
  m_Layer: 0
  m_Name: finger2_2.R_end
  m_TagString: Untagged
  m_Icon: {fileID: 0}
  m_NavMeshLayer: 0
  m_StaticEditorFlags: 0
  m_IsActive: 1
--- !u!4 &5202050638977418475
Transform:
  m_ObjectHideFlags: 0
  m_CorrespondingSourceObject: {fileID: 0}
  m_PrefabInstance: {fileID: 0}
  m_PrefabAsset: {fileID: 0}
  m_GameObject: {fileID: 5202050638976931979}
  m_LocalRotation: {x: 0, y: -0, z: -0, w: 1}
  m_LocalPosition: {x: -0, y: 0.002369175, z: 0}
  m_LocalScale: {x: 1, y: 1, z: 1}
  m_Children: []
  m_Father: {fileID: 5202050638977418473}
  m_RootOrder: 0
  m_LocalEulerAnglesHint: {x: 0, y: 0, z: 0}
--- !u!1 &5202050638976931981
GameObject:
  m_ObjectHideFlags: 0
  m_CorrespondingSourceObject: {fileID: 0}
  m_PrefabInstance: {fileID: 0}
  m_PrefabAsset: {fileID: 0}
  serializedVersion: 6
  m_Component:
  - component: {fileID: 5202050638977418477}
  m_Layer: 0
  m_Name: Foot.L
  m_TagString: Untagged
  m_Icon: {fileID: 0}
  m_NavMeshLayer: 0
  m_StaticEditorFlags: 0
  m_IsActive: 1
--- !u!4 &5202050638977418477
Transform:
  m_ObjectHideFlags: 0
  m_CorrespondingSourceObject: {fileID: 0}
  m_PrefabInstance: {fileID: 0}
  m_PrefabAsset: {fileID: 0}
  m_GameObject: {fileID: 5202050638976931981}
  m_LocalRotation: {x: 0.0039857277, y: 0.8199665, z: -0.57232416, w: 0.009172415}
  m_LocalPosition: {x: -3.833702e-10, y: 0.005828801, z: -1.839362e-10}
  m_LocalScale: {x: 1.0000001, y: 1.0000004, z: 1}
  m_Children:
  - {fileID: 5202050638977418429}
  m_Father: {fileID: 5202050638977418437}
  m_RootOrder: 0
  m_LocalEulerAnglesHint: {x: 0, y: 0, z: 0}
--- !u!1 &5202050638976931983
GameObject:
  m_ObjectHideFlags: 0
  m_CorrespondingSourceObject: {fileID: 0}
  m_PrefabInstance: {fileID: 0}
  m_PrefabAsset: {fileID: 0}
  serializedVersion: 6
  m_Component:
  - component: {fileID: 5202050638977418479}
  m_Layer: 0
  m_Name: Foot.R
  m_TagString: Untagged
  m_Icon: {fileID: 0}
  m_NavMeshLayer: 0
  m_StaticEditorFlags: 0
  m_IsActive: 1
--- !u!4 &5202050638977418479
Transform:
  m_ObjectHideFlags: 0
  m_CorrespondingSourceObject: {fileID: 0}
  m_PrefabInstance: {fileID: 0}
  m_PrefabAsset: {fileID: 0}
  m_GameObject: {fileID: 5202050638976931983}
  m_LocalRotation: {x: -0.0021565498, y: 0.8199149, z: -0.5724599, w: -0.0049650418}
  m_LocalPosition: {x: 4.7311915e-10, y: 0.0058287964, z: 1.9092113e-10}
  m_LocalScale: {x: 1, y: 0.99999994, z: 0.9999999}
  m_Children:
  - {fileID: 5202050638977418561}
  m_Father: {fileID: 5202050638977418439}
  m_RootOrder: 0
  m_LocalEulerAnglesHint: {x: 0, y: 0, z: 0}
--- !u!1 &5202050638976931985
GameObject:
  m_ObjectHideFlags: 0
  m_CorrespondingSourceObject: {fileID: 0}
  m_PrefabInstance: {fileID: 0}
  m_PrefabAsset: {fileID: 0}
  serializedVersion: 6
  m_Component:
  - component: {fileID: 5202050638977418481}
  m_Layer: 0
  m_Name: Foot_ctrl.L
  m_TagString: Untagged
  m_Icon: {fileID: 0}
  m_NavMeshLayer: 0
  m_StaticEditorFlags: 0
  m_IsActive: 1
--- !u!4 &5202050638977418481
Transform:
  m_ObjectHideFlags: 0
  m_CorrespondingSourceObject: {fileID: 0}
  m_PrefabInstance: {fileID: 0}
  m_PrefabAsset: {fileID: 0}
  m_GameObject: {fileID: 5202050638976931985}
  m_LocalRotation: {x: -0.7071067, y: 0, z: -0, w: 0.7071068}
  m_LocalPosition: {x: -0.0040840907, y: 0.000031151492, z: -0.014719455}
  m_LocalScale: {x: 1, y: 0.99999994, z: 0.99999994}
  m_Children:
  - {fileID: 5202050638977418493}
  - {fileID: 5202050638977418391}
  - {fileID: 5202050638977418401}
  m_Father: {fileID: 5202050638977418375}
  m_RootOrder: 0
  m_LocalEulerAnglesHint: {x: 0, y: 0, z: 0}
--- !u!1 &5202050638976931987
GameObject:
  m_ObjectHideFlags: 0
  m_CorrespondingSourceObject: {fileID: 0}
  m_PrefabInstance: {fileID: 0}
  m_PrefabAsset: {fileID: 0}
  serializedVersion: 6
  m_Component:
  - component: {fileID: 5202050638977418483}
  m_Layer: 0
  m_Name: Foot_ctrl.R
  m_TagString: Untagged
  m_Icon: {fileID: 0}
  m_NavMeshLayer: 0
  m_StaticEditorFlags: 0
  m_IsActive: 1
--- !u!4 &5202050638977418483
Transform:
  m_ObjectHideFlags: 0
  m_CorrespondingSourceObject: {fileID: 0}
  m_PrefabInstance: {fileID: 0}
  m_PrefabAsset: {fileID: 0}
  m_GameObject: {fileID: 5202050638976931987}
  m_LocalRotation: {x: -0.7071068, y: 0, z: -0, w: 0.7071067}
  m_LocalPosition: {x: 0.0040840907, y: 0.000031151474, z: -0.014719455}
  m_LocalScale: {x: 1, y: 1, z: 1}
  m_Children:
  - {fileID: 5202050638977418369}
  - {fileID: 5202050638977418393}
  - {fileID: 5202050638977418405}
  m_Father: {fileID: 5202050638977418375}
  m_RootOrder: 1
  m_LocalEulerAnglesHint: {x: 0, y: 0, z: 0}
--- !u!1 &5202050638976931989
GameObject:
  m_ObjectHideFlags: 0
  m_CorrespondingSourceObject: {fileID: 0}
  m_PrefabInstance: {fileID: 0}
  m_PrefabAsset: {fileID: 0}
  serializedVersion: 6
  m_Component:
  - component: {fileID: 5202050638977418485}
  m_Layer: 0
  m_Name: Foot_IK.L
  m_TagString: Untagged
  m_Icon: {fileID: 0}
  m_NavMeshLayer: 0
  m_StaticEditorFlags: 0
  m_IsActive: 1
--- !u!4 &5202050638977418485
Transform:
  m_ObjectHideFlags: 0
  m_CorrespondingSourceObject: {fileID: 0}
  m_PrefabInstance: {fileID: 0}
  m_PrefabAsset: {fileID: 0}
  m_GameObject: {fileID: 5202050638976931989}
  m_LocalRotation: {x: -0.00000030776332, y: -0.26885295, z: 0.96318126, w: 0.000000052342155}
  m_LocalPosition: {x: 4.869683e-11, y: 0.0033421724, z: 0.0020234582}
  m_LocalScale: {x: 1, y: 0.99999964, z: 0.99999905}
  m_Children:
  - {fileID: 5202050638977418487}
  m_Father: {fileID: 5202050638977418565}
  m_RootOrder: 0
  m_LocalEulerAnglesHint: {x: 0, y: 0, z: 0}
--- !u!1 &5202050638976931991
GameObject:
  m_ObjectHideFlags: 0
  m_CorrespondingSourceObject: {fileID: 0}
  m_PrefabInstance: {fileID: 0}
  m_PrefabAsset: {fileID: 0}
  serializedVersion: 6
  m_Component:
  - component: {fileID: 5202050638977418487}
  m_Layer: 0
  m_Name: Foot_IK.L_end
  m_TagString: Untagged
  m_Icon: {fileID: 0}
  m_NavMeshLayer: 0
  m_StaticEditorFlags: 0
  m_IsActive: 1
--- !u!4 &5202050638977418487
Transform:
  m_ObjectHideFlags: 0
  m_CorrespondingSourceObject: {fileID: 0}
  m_PrefabInstance: {fileID: 0}
  m_PrefabAsset: {fileID: 0}
  m_GameObject: {fileID: 5202050638976931991}
  m_LocalRotation: {x: 0, y: -0, z: -0, w: 1}
  m_LocalPosition: {x: -0, y: 0.00390698, z: 0}
  m_LocalScale: {x: 1, y: 1, z: 1}
  m_Children: []
  m_Father: {fileID: 5202050638977418485}
  m_RootOrder: 0
  m_LocalEulerAnglesHint: {x: 0, y: 0, z: 0}
--- !u!1 &5202050638976931993
GameObject:
  m_ObjectHideFlags: 0
  m_CorrespondingSourceObject: {fileID: 0}
  m_PrefabInstance: {fileID: 0}
  m_PrefabAsset: {fileID: 0}
  serializedVersion: 6
  m_Component:
  - component: {fileID: 5202050638977418489}
  m_Layer: 0
  m_Name: Foot_IK.R
  m_TagString: Untagged
  m_Icon: {fileID: 0}
  m_NavMeshLayer: 0
  m_StaticEditorFlags: 0
  m_IsActive: 1
--- !u!4 &5202050638977418489
Transform:
  m_ObjectHideFlags: 0
  m_CorrespondingSourceObject: {fileID: 0}
  m_PrefabInstance: {fileID: 0}
  m_PrefabAsset: {fileID: 0}
  m_GameObject: {fileID: 5202050638976931993}
  m_LocalRotation: {x: -0.00000030776334, y: -0.26885313, z: 0.9631812, w: 0.00000005234209}
  m_LocalPosition: {x: 2.0927704e-16, y: 0.0033421721, z: 0.0020234585}
  m_LocalScale: {x: 1, y: 1, z: 1.0000004}
  m_Children:
  - {fileID: 5202050638977418491}
  m_Father: {fileID: 5202050638977418567}
  m_RootOrder: 0
  m_LocalEulerAnglesHint: {x: 0, y: 0, z: 0}
--- !u!1 &5202050638976931995
GameObject:
  m_ObjectHideFlags: 0
  m_CorrespondingSourceObject: {fileID: 0}
  m_PrefabInstance: {fileID: 0}
  m_PrefabAsset: {fileID: 0}
  serializedVersion: 6
  m_Component:
  - component: {fileID: 5202050638977418491}
  m_Layer: 0
  m_Name: Foot_IK.R_end
  m_TagString: Untagged
  m_Icon: {fileID: 0}
  m_NavMeshLayer: 0
  m_StaticEditorFlags: 0
  m_IsActive: 1
--- !u!4 &5202050638977418491
Transform:
  m_ObjectHideFlags: 0
  m_CorrespondingSourceObject: {fileID: 0}
  m_PrefabInstance: {fileID: 0}
  m_PrefabAsset: {fileID: 0}
  m_GameObject: {fileID: 5202050638976931995}
  m_LocalRotation: {x: 0, y: -0, z: -0, w: 1}
  m_LocalPosition: {x: -0, y: 0.003906981, z: 0}
  m_LocalScale: {x: 1, y: 1, z: 1}
  m_Children: []
  m_Father: {fileID: 5202050638977418489}
  m_RootOrder: 0
  m_LocalEulerAnglesHint: {x: 0, y: 0, z: 0}
--- !u!1 &5202050638976931997
GameObject:
  m_ObjectHideFlags: 0
  m_CorrespondingSourceObject: {fileID: 0}
  m_PrefabInstance: {fileID: 0}
  m_PrefabAsset: {fileID: 0}
  serializedVersion: 6
  m_Component:
  - component: {fileID: 5202050638977418493}
  m_Layer: 0
  m_Name: FootRoll_crtl.L
  m_TagString: Untagged
  m_Icon: {fileID: 0}
  m_NavMeshLayer: 0
  m_StaticEditorFlags: 0
  m_IsActive: 1
--- !u!4 &5202050638977418493
Transform:
  m_ObjectHideFlags: 0
  m_CorrespondingSourceObject: {fileID: 0}
  m_PrefabInstance: {fileID: 0}
  m_PrefabAsset: {fileID: 0}
  m_GameObject: {fileID: 5202050638976931997}
  m_LocalRotation: {x: 0.7071067, y: -0, z: -0, w: 0.7071068}
  m_LocalPosition: {x: -0, y: 0.0000000011958065, z: 2.3283064e-12}
  m_LocalScale: {x: 1, y: 1, z: 1}
  m_Children:
  - {fileID: 5202050638977418495}
  m_Father: {fileID: 5202050638977418481}
  m_RootOrder: 0
  m_LocalEulerAnglesHint: {x: 0, y: 0, z: 0}
--- !u!1 &5202050638976931999
GameObject:
  m_ObjectHideFlags: 0
  m_CorrespondingSourceObject: {fileID: 0}
  m_PrefabInstance: {fileID: 0}
  m_PrefabAsset: {fileID: 0}
  serializedVersion: 6
  m_Component:
  - component: {fileID: 5202050638977418495}
  m_Layer: 0
  m_Name: FootRoll_crtl.L_end
  m_TagString: Untagged
  m_Icon: {fileID: 0}
  m_NavMeshLayer: 0
  m_StaticEditorFlags: 0
  m_IsActive: 1
--- !u!4 &5202050638977418495
Transform:
  m_ObjectHideFlags: 0
  m_CorrespondingSourceObject: {fileID: 0}
  m_PrefabInstance: {fileID: 0}
  m_PrefabAsset: {fileID: 0}
  m_GameObject: {fileID: 5202050638976931999}
  m_LocalRotation: {x: 0, y: -0, z: -0, w: 1}
  m_LocalPosition: {x: -0, y: 0.0040589003, z: 0}
  m_LocalScale: {x: 1, y: 1, z: 1}
  m_Children: []
  m_Father: {fileID: 5202050638977418493}
  m_RootOrder: 0
  m_LocalEulerAnglesHint: {x: 0, y: 0, z: 0}
--- !u!1 &5202050638976932001
GameObject:
  m_ObjectHideFlags: 0
  m_CorrespondingSourceObject: {fileID: 0}
  m_PrefabInstance: {fileID: 0}
  m_PrefabAsset: {fileID: 0}
  serializedVersion: 6
  m_Component:
  - component: {fileID: 5202050638977418369}
  m_Layer: 0
  m_Name: FootRoll_crtl.R
  m_TagString: Untagged
  m_Icon: {fileID: 0}
  m_NavMeshLayer: 0
  m_StaticEditorFlags: 0
  m_IsActive: 1
--- !u!4 &5202050638977418369
Transform:
  m_ObjectHideFlags: 0
  m_CorrespondingSourceObject: {fileID: 0}
  m_PrefabInstance: {fileID: 0}
  m_PrefabAsset: {fileID: 0}
  m_GameObject: {fileID: 5202050638976932001}
  m_LocalRotation: {x: 0.7071068, y: 0, z: 0, w: 0.7071067}
  m_LocalPosition: {x: -0, y: 0, z: 0}
  m_LocalScale: {x: 1, y: 1, z: 1}
  m_Children:
  - {fileID: 5202050638977418371}
  m_Father: {fileID: 5202050638977418483}
  m_RootOrder: 0
  m_LocalEulerAnglesHint: {x: 0, y: 0, z: 0}
--- !u!1 &5202050638976932003
GameObject:
  m_ObjectHideFlags: 0
  m_CorrespondingSourceObject: {fileID: 0}
  m_PrefabInstance: {fileID: 0}
  m_PrefabAsset: {fileID: 0}
  serializedVersion: 6
  m_Component:
  - component: {fileID: 5202050638977418371}
  m_Layer: 0
  m_Name: FootRoll_crtl.R_end
  m_TagString: Untagged
  m_Icon: {fileID: 0}
  m_NavMeshLayer: 0
  m_StaticEditorFlags: 0
  m_IsActive: 1
--- !u!4 &5202050638977418371
Transform:
  m_ObjectHideFlags: 0
  m_CorrespondingSourceObject: {fileID: 0}
  m_PrefabInstance: {fileID: 0}
  m_PrefabAsset: {fileID: 0}
  m_GameObject: {fileID: 5202050638976932003}
  m_LocalRotation: {x: 0, y: -0, z: -0, w: 1}
  m_LocalPosition: {x: -0, y: 0.0040589, z: 0}
  m_LocalScale: {x: 1, y: 1, z: 1}
  m_Children: []
  m_Father: {fileID: 5202050638977418369}
  m_RootOrder: 0
  m_LocalEulerAnglesHint: {x: 0, y: 0, z: 0}
--- !u!1 &5202050638976932005
GameObject:
  m_ObjectHideFlags: 0
  m_CorrespondingSourceObject: {fileID: 0}
  m_PrefabInstance: {fileID: 0}
  m_PrefabAsset: {fileID: 0}
  serializedVersion: 6
  m_Component:
  - component: {fileID: 5202050638977418373}
  - component: {fileID: 5202050638963332577}
  m_Layer: 0
  m_Name: gbln_war_eq.002
  m_TagString: Untagged
  m_Icon: {fileID: 0}
  m_NavMeshLayer: 0
  m_StaticEditorFlags: 0
  m_IsActive: 1
--- !u!4 &5202050638977418373
Transform:
  m_ObjectHideFlags: 0
  m_CorrespondingSourceObject: {fileID: 0}
  m_PrefabInstance: {fileID: 0}
  m_PrefabAsset: {fileID: 0}
  m_GameObject: {fileID: 5202050638976932005}
  m_LocalRotation: {x: -0.7071068, y: 0, z: -0, w: 0.7071067}
  m_LocalPosition: {x: -0, y: -0.00000023841858, z: 0}
  m_LocalScale: {x: 100, y: 100, z: 100}
  m_Children: []
  m_Father: {fileID: 5202050638977418379}
  m_RootOrder: 0
  m_LocalEulerAnglesHint: {x: 0, y: 0, z: 0}
--- !u!137 &5202050638963332577
SkinnedMeshRenderer:
  m_ObjectHideFlags: 0
  m_CorrespondingSourceObject: {fileID: 0}
  m_PrefabInstance: {fileID: 0}
  m_PrefabAsset: {fileID: 0}
  m_GameObject: {fileID: 5202050638976932005}
  m_Enabled: 1
  m_CastShadows: 1
  m_ReceiveShadows: 1
  m_DynamicOccludee: 1
  m_MotionVectors: 1
  m_LightProbeUsage: 1
  m_ReflectionProbeUsage: 1
  m_RayTracingMode: 0
  m_RenderingLayerMask: 1
  m_RendererPriority: 0
  m_Materials:
  - {fileID: 2100000, guid: ba9ed8f46aa841c46a5cabb9f8df427f, type: 2}
  m_StaticBatchInfo:
    firstSubMesh: 0
    subMeshCount: 0
  m_StaticBatchRoot: {fileID: 0}
  m_ProbeAnchor: {fileID: 0}
  m_LightProbeVolumeOverride: {fileID: 0}
  m_ScaleInLightmap: 1
  m_ReceiveGI: 1
  m_PreserveUVs: 0
  m_IgnoreNormalsForChartDetection: 0
  m_ImportantGI: 0
  m_StitchLightmapSeams: 1
  m_SelectedEditorRenderState: 3
  m_MinimumChartSize: 4
  m_AutoUVMaxDistance: 0.5
  m_AutoUVMaxAngle: 89
  m_LightmapParameters: {fileID: 0}
  m_SortingLayerID: 0
  m_SortingLayer: 0
  m_SortingOrder: 0
  serializedVersion: 2
  m_Quality: 0
  m_UpdateWhenOffscreen: 0
  m_SkinnedMotionVectors: 1
  m_Mesh: {fileID: 4300000, guid: 741f73214c8e59045b42ebac4be91444, type: 3}
  m_Bones:
  - {fileID: 5202050638977418481}
  - {fileID: 5202050638977418401}
  - {fileID: 5202050638977418391}
  - {fileID: 5202050638977418565}
  - {fileID: 5202050638977418485}
  - {fileID: 5202050638977418493}
  - {fileID: 5202050638977418395}
  - {fileID: 5202050638977418411}
  - {fileID: 5202050638977418413}
  - {fileID: 5202050638977418415}
  - {fileID: 5202050638977418409}
  - {fileID: 5202050638977418389}
  - {fileID: 5202050638977418397}
  - {fileID: 5202050638977418577}
  - {fileID: 5202050638977418441}
  - {fileID: 5202050638977418569}
  - {fileID: 5202050638977418433}
  - {fileID: 5202050638977418381}
  - {fileID: 5202050638977418453}
  - {fileID: 5202050638977418457}
  - {fileID: 5202050638977418465}
  - {fileID: 5202050638977418469}
  - {fileID: 5202050638977418417}
  - {fileID: 5202050638977418421}
  - {fileID: 5202050638977418581}
  - {fileID: 5202050638977418443}
  - {fileID: 5202050638977418571}
  - {fileID: 5202050638977418435}
  - {fileID: 5202050638977418383}
  - {fileID: 5202050638977418455}
  - {fileID: 5202050638977418461}
  - {fileID: 5202050638977418467}
  - {fileID: 5202050638977418473}
  - {fileID: 5202050638977418419}
  - {fileID: 5202050638977418425}
  - {fileID: 5202050638977418585}
  - {fileID: 5202050638977418573}
  - {fileID: 5202050638977418437}
  - {fileID: 5202050638977418477}
  - {fileID: 5202050638977418429}
  - {fileID: 5202050638977418575}
  - {fileID: 5202050638977418439}
  - {fileID: 5202050638977418479}
  - {fileID: 5202050638977418561}
  - {fileID: 5202050638977418385}
  - {fileID: 5202050638977418445}
  - {fileID: 5202050638977418483}
  - {fileID: 5202050638977418405}
  - {fileID: 5202050638977418393}
  - {fileID: 5202050638977418567}
  - {fileID: 5202050638977418489}
  - {fileID: 5202050638977418369}
  - {fileID: 5202050638977418387}
  - {fileID: 5202050638977418449}
  m_BlendShapeWeights: []
  m_RootBone: {fileID: 5202050638977418395}
  m_AABB:
    m_Center: {x: 0.004247491, y: -0.011132313, z: -0.0015873797}
    m_Extent: {x: 0.013512842, y: 0.014563384, z: 0.023815628}
  m_DirtyAABB: 0
--- !u!1 &5202050638976932007
GameObject:
  m_ObjectHideFlags: 0
  m_CorrespondingSourceObject: {fileID: 0}
  m_PrefabInstance: {fileID: 0}
  m_PrefabAsset: {fileID: 0}
  serializedVersion: 6
  m_Component:
  - component: {fileID: 5202050638977418375}
  m_Layer: 0
  m_Name: Goblin_armature
  m_TagString: Untagged
  m_Icon: {fileID: 0}
  m_NavMeshLayer: 0
  m_StaticEditorFlags: 0
  m_IsActive: 1
--- !u!4 &5202050638977418375
Transform:
  m_ObjectHideFlags: 0
  m_CorrespondingSourceObject: {fileID: 0}
  m_PrefabInstance: {fileID: 0}
  m_PrefabAsset: {fileID: 0}
  m_GameObject: {fileID: 5202050638976932007}
  m_LocalRotation: {x: -0.7071068, y: 0, z: -0, w: 0.7071067}
  m_LocalPosition: {x: -0, y: 1.7180761, z: -0.48344982}
  m_LocalScale: {x: 100, y: 100, z: 100}
  m_Children:
  - {fileID: 5202050638977418481}
  - {fileID: 5202050638977418483}
  - {fileID: 5202050638977418385}
  - {fileID: 5202050638977418387}
  - {fileID: 5202050638977418395}
  m_Father: {fileID: 5202050638977418379}
  m_RootOrder: 1
  m_LocalEulerAnglesHint: {x: 0, y: 0, z: 0}
--- !u!1 &5202050638976932009
GameObject:
  m_ObjectHideFlags: 0
  m_CorrespondingSourceObject: {fileID: 0}
  m_PrefabInstance: {fileID: 0}
  m_PrefabAsset: {fileID: 0}
  serializedVersion: 6
  m_Component:
  - component: {fileID: 5202050638977418377}
  - component: {fileID: 5202050638963332579}
  m_Layer: 0
  m_Name: GOBLIN_BASE
  m_TagString: Untagged
  m_Icon: {fileID: 0}
  m_NavMeshLayer: 0
  m_StaticEditorFlags: 0
  m_IsActive: 1
--- !u!4 &5202050638977418377
Transform:
  m_ObjectHideFlags: 0
  m_CorrespondingSourceObject: {fileID: 0}
  m_PrefabInstance: {fileID: 0}
  m_PrefabAsset: {fileID: 0}
  m_GameObject: {fileID: 5202050638976932009}
  m_LocalRotation: {x: -0.7071068, y: 0, z: -0, w: 0.7071067}
  m_LocalPosition: {x: -0, y: -0.00000023841858, z: 0}
  m_LocalScale: {x: 100, y: 100, z: 100}
  m_Children: []
  m_Father: {fileID: 5202050638977418379}
  m_RootOrder: 2
  m_LocalEulerAnglesHint: {x: 0, y: 0, z: 0}
--- !u!137 &5202050638963332579
SkinnedMeshRenderer:
  m_ObjectHideFlags: 0
  m_CorrespondingSourceObject: {fileID: 0}
  m_PrefabInstance: {fileID: 0}
  m_PrefabAsset: {fileID: 0}
  m_GameObject: {fileID: 5202050638976932009}
  m_Enabled: 1
  m_CastShadows: 1
  m_ReceiveShadows: 1
  m_DynamicOccludee: 1
  m_MotionVectors: 1
  m_LightProbeUsage: 1
  m_ReflectionProbeUsage: 1
  m_RayTracingMode: 0
  m_RenderingLayerMask: 1
  m_RendererPriority: 0
  m_Materials:
  - {fileID: 2100000, guid: bd38ff3c0d8ee4a43a058333dea73317, type: 2}
  m_StaticBatchInfo:
    firstSubMesh: 0
    subMeshCount: 0
  m_StaticBatchRoot: {fileID: 0}
  m_ProbeAnchor: {fileID: 0}
  m_LightProbeVolumeOverride: {fileID: 0}
  m_ScaleInLightmap: 1
  m_ReceiveGI: 1
  m_PreserveUVs: 0
  m_IgnoreNormalsForChartDetection: 0
  m_ImportantGI: 0
  m_StitchLightmapSeams: 1
  m_SelectedEditorRenderState: 3
  m_MinimumChartSize: 4
  m_AutoUVMaxDistance: 0.5
  m_AutoUVMaxAngle: 89
  m_LightmapParameters: {fileID: 0}
  m_SortingLayerID: 0
  m_SortingLayer: 0
  m_SortingOrder: 0
  serializedVersion: 2
  m_Quality: 0
  m_UpdateWhenOffscreen: 0
  m_SkinnedMotionVectors: 1
  m_Mesh: {fileID: 4300002, guid: 741f73214c8e59045b42ebac4be91444, type: 3}
  m_Bones:
  - {fileID: 5202050638977418481}
  - {fileID: 5202050638977418401}
  - {fileID: 5202050638977418391}
  - {fileID: 5202050638977418565}
  - {fileID: 5202050638977418485}
  - {fileID: 5202050638977418493}
  - {fileID: 5202050638977418395}
  - {fileID: 5202050638977418411}
  - {fileID: 5202050638977418413}
  - {fileID: 5202050638977418415}
  - {fileID: 5202050638977418409}
  - {fileID: 5202050638977418389}
  - {fileID: 5202050638977418397}
  - {fileID: 5202050638977418577}
  - {fileID: 5202050638977418441}
  - {fileID: 5202050638977418569}
  - {fileID: 5202050638977418433}
  - {fileID: 5202050638977418381}
  - {fileID: 5202050638977418453}
  - {fileID: 5202050638977418457}
  - {fileID: 5202050638977418465}
  - {fileID: 5202050638977418469}
  - {fileID: 5202050638977418417}
  - {fileID: 5202050638977418421}
  - {fileID: 5202050638977418581}
  - {fileID: 5202050638977418443}
  - {fileID: 5202050638977418571}
  - {fileID: 5202050638977418435}
  - {fileID: 5202050638977418383}
  - {fileID: 5202050638977418455}
  - {fileID: 5202050638977418461}
  - {fileID: 5202050638977418467}
  - {fileID: 5202050638977418473}
  - {fileID: 5202050638977418419}
  - {fileID: 5202050638977418425}
  - {fileID: 5202050638977418585}
  - {fileID: 5202050638977418573}
  - {fileID: 5202050638977418437}
  - {fileID: 5202050638977418477}
  - {fileID: 5202050638977418429}
  - {fileID: 5202050638977418575}
  - {fileID: 5202050638977418439}
  - {fileID: 5202050638977418479}
  - {fileID: 5202050638977418561}
  - {fileID: 5202050638977418385}
  - {fileID: 5202050638977418445}
  - {fileID: 5202050638977418483}
  - {fileID: 5202050638977418405}
  - {fileID: 5202050638977418393}
  - {fileID: 5202050638977418567}
  - {fileID: 5202050638977418489}
  - {fileID: 5202050638977418369}
  - {fileID: 5202050638977418387}
  - {fileID: 5202050638977418449}
  m_BlendShapeWeights: []
  m_RootBone: {fileID: 5202050638977418395}
  m_AABB:
    m_Center: {x: 0.0018204898, y: 0.0003173109, z: 0.000033615157}
    m_Extent: {x: 0.009991702, y: 0.024905263, z: 0.023416527}
  m_DirtyAABB: 0
--- !u!1 &5202050638976932011
GameObject:
  m_ObjectHideFlags: 0
  m_CorrespondingSourceObject: {fileID: 0}
  m_PrefabInstance: {fileID: 0}
  m_PrefabAsset: {fileID: 0}
  serializedVersion: 6
  m_Component:
  - component: {fileID: 5202050638977418379}
  - component: {fileID: 5202050638967548705}
  - component: {fileID: 5202050640053681923}
  m_Layer: 0
  m_Name: Goblin_rouge
  m_TagString: Untagged
  m_Icon: {fileID: 0}
  m_NavMeshLayer: 0
  m_StaticEditorFlags: 0
  m_IsActive: 1
--- !u!4 &5202050638977418379
Transform:
  m_ObjectHideFlags: 0
  m_CorrespondingSourceObject: {fileID: 0}
  m_PrefabInstance: {fileID: 0}
  m_PrefabAsset: {fileID: 0}
  m_GameObject: {fileID: 5202050638976932011}
  m_LocalRotation: {x: -0, y: 0.95998806, z: -0, w: 0.28004086}
  m_LocalPosition: {x: -5.9, y: -5.4, z: -3.83}
  m_LocalScale: {x: 1, y: 1, z: 1}
  m_Children:
  - {fileID: 5202050638977418373}
  - {fileID: 5202050638977418375}
  - {fileID: 5202050638977418377}
  m_Father: {fileID: 0}
  m_RootOrder: 0
  m_LocalEulerAnglesHint: {x: 0, y: 147.475, z: 0}
--- !u!95 &5202050638967548705
Animator:
  serializedVersion: 3
  m_ObjectHideFlags: 0
  m_CorrespondingSourceObject: {fileID: 0}
  m_PrefabInstance: {fileID: 0}
  m_PrefabAsset: {fileID: 0}
  m_GameObject: {fileID: 5202050638976932011}
  m_Enabled: 1
  m_Avatar: {fileID: 9000000, guid: 741f73214c8e59045b42ebac4be91444, type: 3}
  m_Controller: {fileID: 9100000, guid: 83107c796bf2ec348afb5e040bea51c8, type: 2}
  m_CullingMode: 1
  m_UpdateMode: 0
  m_ApplyRootMotion: 0
  m_LinearVelocityBlending: 0
  m_WarningMessage: 
  m_HasTransformHierarchy: 1
  m_AllowConstantClipSamplingOptimization: 1
  m_KeepAnimatorControllerStateOnDisable: 0
--- !u!114 &5202050640053681923
MonoBehaviour:
  m_ObjectHideFlags: 0
  m_CorrespondingSourceObject: {fileID: 0}
  m_PrefabInstance: {fileID: 0}
  m_PrefabAsset: {fileID: 0}
  m_GameObject: {fileID: 5202050638976932011}
  m_Enabled: 1
  m_EditorHideFlags: 0
  m_Script: {fileID: 11500000, guid: 9f4ab735950214740af34c85e7865174, type: 3}
  m_Name: 
  m_EditorClassIdentifier: 
  enemyData: {fileID: 11400000, guid: cf402bafb6554b24b90bd4549d040547, type: 2}
--- !u!1 &5202050638976932013
GameObject:
  m_ObjectHideFlags: 0
  m_CorrespondingSourceObject: {fileID: 0}
  m_PrefabInstance: {fileID: 0}
  m_PrefabAsset: {fileID: 0}
  serializedVersion: 6
  m_Component:
  - component: {fileID: 5202050638977418381}
  m_Layer: 0
  m_Name: Hand.L
  m_TagString: Untagged
  m_Icon: {fileID: 0}
  m_NavMeshLayer: 0
  m_StaticEditorFlags: 0
  m_IsActive: 1
--- !u!4 &5202050638977418381
Transform:
  m_ObjectHideFlags: 0
  m_CorrespondingSourceObject: {fileID: 0}
  m_PrefabInstance: {fileID: 0}
  m_PrefabAsset: {fileID: 0}
  m_GameObject: {fileID: 5202050638976932013}
  m_LocalRotation: {x: 0.016096896, y: 0.532895, z: 0.124011524, w: 0.83689004}
  m_LocalPosition: {x: 5.494803e-10, y: 0.005597639, z: 2.9802322e-10}
  m_LocalScale: {x: 0.99999964, y: 1, z: 0.99999946}
  m_Children:
  - {fileID: 5202050638977418453}
  - {fileID: 5202050638977418465}
  - {fileID: 5202050638977418417}
  - {fileID: 5202050638977418581}
  m_Father: {fileID: 5202050638977418433}
  m_RootOrder: 0
  m_LocalEulerAnglesHint: {x: 0, y: 0, z: 0}
--- !u!1 &5202050638976932015
GameObject:
  m_ObjectHideFlags: 0
  m_CorrespondingSourceObject: {fileID: 0}
  m_PrefabInstance: {fileID: 0}
  m_PrefabAsset: {fileID: 0}
  serializedVersion: 6
  m_Component:
  - component: {fileID: 5202050638977418383}
  m_Layer: 0
  m_Name: Hand.R
  m_TagString: Untagged
  m_Icon: {fileID: 0}
  m_NavMeshLayer: 0
  m_StaticEditorFlags: 0
  m_IsActive: 1
--- !u!4 &5202050638977418383
Transform:
  m_ObjectHideFlags: 0
  m_CorrespondingSourceObject: {fileID: 0}
  m_PrefabInstance: {fileID: 0}
  m_PrefabAsset: {fileID: 0}
  m_GameObject: {fileID: 5202050638976932015}
  m_LocalRotation: {x: -0.06372924, y: 0.65800625, z: -0.008394259, w: 0.7502639}
  m_LocalPosition: {x: -9.530049e-10, y: 0.005597637, z: -2.4738255e-11}
  m_LocalScale: {x: 0.99999994, y: 0.99999964, z: 0.9999998}
  m_Children:
  - {fileID: 5202050638977418455}
  - {fileID: 5202050638977418467}
  - {fileID: 5202050638977418419}
  - {fileID: 5202050638977418585}
  m_Father: {fileID: 5202050638977418435}
  m_RootOrder: 0
  m_LocalEulerAnglesHint: {x: 0, y: 0, z: 0}
--- !u!1 &5202050638976932017
GameObject:
  m_ObjectHideFlags: 0
  m_CorrespondingSourceObject: {fileID: 0}
  m_PrefabInstance: {fileID: 0}
  m_PrefabAsset: {fileID: 0}
  serializedVersion: 6
  m_Component:
  - component: {fileID: 5202050638977418385}
  m_Layer: 0
  m_Name: Hand_IK.L
  m_TagString: Untagged
  m_Icon: {fileID: 0}
  m_NavMeshLayer: 0
  m_StaticEditorFlags: 0
  m_IsActive: 1
--- !u!4 &5202050638977418385
Transform:
  m_ObjectHideFlags: 0
  m_CorrespondingSourceObject: {fileID: 0}
  m_PrefabInstance: {fileID: 0}
  m_PrefabAsset: {fileID: 0}
  m_GameObject: {fileID: 5202050638976932017}
  m_LocalRotation: {x: 0, y: 0, z: 0.025186153, w: 0.9996828}
  m_LocalPosition: {x: -0.015525339, y: -0.00056973886, z: 0.009808061}
  m_LocalScale: {x: 1, y: 1, z: 1}
  m_Children:
  - {fileID: 5202050638977418445}
  m_Father: {fileID: 5202050638977418375}
  m_RootOrder: 2
  m_LocalEulerAnglesHint: {x: 0, y: 0, z: 0}
--- !u!1 &5202050638976932019
GameObject:
  m_ObjectHideFlags: 0
  m_CorrespondingSourceObject: {fileID: 0}
  m_PrefabInstance: {fileID: 0}
  m_PrefabAsset: {fileID: 0}
  serializedVersion: 6
  m_Component:
  - component: {fileID: 5202050638977418387}
  m_Layer: 0
  m_Name: Hand_IK.R
  m_TagString: Untagged
  m_Icon: {fileID: 0}
  m_NavMeshLayer: 0
  m_StaticEditorFlags: 0
  m_IsActive: 1
--- !u!4 &5202050638977418387
Transform:
  m_ObjectHideFlags: 0
  m_CorrespondingSourceObject: {fileID: 0}
  m_PrefabInstance: {fileID: 0}
  m_PrefabAsset: {fileID: 0}
  m_GameObject: {fileID: 5202050638976932019}
  m_LocalRotation: {x: 0, y: -0, z: -0.025186153, w: 0.9996828}
  m_LocalPosition: {x: 0.015525339, y: -0.00056973886, z: 0.009808061}
  m_LocalScale: {x: 1, y: 1, z: 1}
  m_Children:
  - {fileID: 5202050638977418449}
  m_Father: {fileID: 5202050638977418375}
  m_RootOrder: 3
  m_LocalEulerAnglesHint: {x: 0, y: 0, z: 0}
--- !u!1 &5202050638976932021
GameObject:
  m_ObjectHideFlags: 0
  m_CorrespondingSourceObject: {fileID: 0}
  m_PrefabInstance: {fileID: 0}
  m_PrefabAsset: {fileID: 0}
  serializedVersion: 6
  m_Component:
  - component: {fileID: 5202050638977418389}
  m_Layer: 0
  m_Name: Head
  m_TagString: Untagged
  m_Icon: {fileID: 0}
  m_NavMeshLayer: 0
  m_StaticEditorFlags: 0
  m_IsActive: 1
--- !u!4 &5202050638977418389
Transform:
  m_ObjectHideFlags: 0
  m_CorrespondingSourceObject: {fileID: 0}
  m_PrefabInstance: {fileID: 0}
  m_PrefabAsset: {fileID: 0}
  m_GameObject: {fileID: 5202050638976932021}
  m_LocalRotation: {x: 0.09587653, y: -0.00000000533437, z: -3.0961403e-10, w: 0.9953933}
  m_LocalPosition: {x: -4.0343567e-17, y: 0.002985711, z: 9.541243e-12}
  m_LocalScale: {x: 1, y: 1.0000001, z: 1}
  m_Children:
  - {fileID: 5202050638977418397}
  - {fileID: 5202050638977418577}
  m_Father: {fileID: 5202050638977418409}
  m_RootOrder: 0
  m_LocalEulerAnglesHint: {x: 0, y: 0, z: 0}
--- !u!1 &5202050638976932023
GameObject:
  m_ObjectHideFlags: 0
  m_CorrespondingSourceObject: {fileID: 0}
  m_PrefabInstance: {fileID: 0}
  m_PrefabAsset: {fileID: 0}
  serializedVersion: 6
  m_Component:
  - component: {fileID: 5202050638977418391}
  m_Layer: 0
  m_Name: Heel_roll.L
  m_TagString: Untagged
  m_Icon: {fileID: 0}
  m_NavMeshLayer: 0
  m_StaticEditorFlags: 0
  m_IsActive: 1
--- !u!4 &5202050638977418391
Transform:
  m_ObjectHideFlags: 0
  m_CorrespondingSourceObject: {fileID: 0}
  m_PrefabInstance: {fileID: 0}
  m_PrefabAsset: {fileID: 0}
  m_GameObject: {fileID: 5202050638976932023}
  m_LocalRotation: {x: -0.000000094156974, y: 0.7071068, z: -0.7071067, w: 0.00000009415695}
  m_LocalPosition: {x: -5.9604643e-10, y: 0.0020234706, z: 0.0014599744}
  m_LocalScale: {x: 1, y: 1, z: 1}
  m_Children:
  - {fileID: 5202050638977418565}
  m_Father: {fileID: 5202050638977418481}
  m_RootOrder: 1
  m_LocalEulerAnglesHint: {x: 0, y: 0, z: 0}
--- !u!1 &5202050638976932025
GameObject:
  m_ObjectHideFlags: 0
  m_CorrespondingSourceObject: {fileID: 0}
  m_PrefabInstance: {fileID: 0}
  m_PrefabAsset: {fileID: 0}
  serializedVersion: 6
  m_Component:
  - component: {fileID: 5202050638977418393}
  m_Layer: 0
  m_Name: Heel_roll.R
  m_TagString: Untagged
  m_Icon: {fileID: 0}
  m_NavMeshLayer: 0
  m_StaticEditorFlags: 0
  m_IsActive: 1
--- !u!4 &5202050638977418393
Transform:
  m_ObjectHideFlags: 0
  m_CorrespondingSourceObject: {fileID: 0}
  m_PrefabInstance: {fileID: 0}
  m_PrefabAsset: {fileID: 0}
  m_GameObject: {fileID: 5202050638976932025}
  m_LocalRotation: {x: 0.00000009415697, y: 0.7071068, z: -0.7071067, w: -0.00000009415696}
  m_LocalPosition: {x: 5.9604643e-10, y: 0.0020234657, z: 0.0014599743}
  m_LocalScale: {x: 1, y: 1, z: 1}
  m_Children:
  - {fileID: 5202050638977418567}
  m_Father: {fileID: 5202050638977418483}
  m_RootOrder: 1
  m_LocalEulerAnglesHint: {x: 0, y: 0, z: 0}
--- !u!1 &5202050638976932027
GameObject:
  m_ObjectHideFlags: 0
  m_CorrespondingSourceObject: {fileID: 0}
  m_PrefabInstance: {fileID: 0}
  m_PrefabAsset: {fileID: 0}
  serializedVersion: 6
  m_Component:
  - component: {fileID: 5202050638977418395}
  m_Layer: 0
  m_Name: Hips_ctrl
  m_TagString: Untagged
  m_Icon: {fileID: 0}
  m_NavMeshLayer: 0
  m_StaticEditorFlags: 0
  m_IsActive: 1
--- !u!4 &5202050638977418395
Transform:
  m_ObjectHideFlags: 0
  m_CorrespondingSourceObject: {fileID: 0}
  m_PrefabInstance: {fileID: 0}
  m_PrefabAsset: {fileID: 0}
  m_GameObject: {fileID: 5202050638976932027}
  m_LocalRotation: {x: -0.48928654, y: 0.51050645, z: -0.48970953, w: 0.51006526}
  m_LocalPosition: {x: 8.472847e-12, y: -0.0009057775, z: 0.005748887}
  m_LocalScale: {x: 1, y: 1, z: 1}
  m_Children:
  - {fileID: 5202050638977418411}
  m_Father: {fileID: 5202050638977418375}
  m_RootOrder: 4
  m_LocalEulerAnglesHint: {x: 0, y: 0, z: 0}
--- !u!1 &5202050638976932029
GameObject:
  m_ObjectHideFlags: 0
  m_CorrespondingSourceObject: {fileID: 0}
  m_PrefabInstance: {fileID: 0}
  m_PrefabAsset: {fileID: 0}
  serializedVersion: 6
  m_Component:
  - component: {fileID: 5202050638977418397}
  m_Layer: 0
  m_Name: jaw
  m_TagString: Untagged
  m_Icon: {fileID: 0}
  m_NavMeshLayer: 0
  m_StaticEditorFlags: 0
  m_IsActive: 1
--- !u!4 &5202050638977418397
Transform:
  m_ObjectHideFlags: 0
  m_CorrespondingSourceObject: {fileID: 0}
  m_PrefabInstance: {fileID: 0}
  m_PrefabAsset: {fileID: 0}
  m_GameObject: {fileID: 5202050638976932029}
  m_LocalRotation: {x: 0.780487, y: -0.000000013606628, z: -0.000000023689966, w: 0.625172}
  m_LocalPosition: {x: 8.5436155e-12, y: 0.0007054202, z: 0.0009948}
  m_LocalScale: {x: 1, y: 1, z: 0.99999994}
  m_Children:
  - {fileID: 5202050638977418399}
  m_Father: {fileID: 5202050638977418389}
  m_RootOrder: 0
  m_LocalEulerAnglesHint: {x: 0, y: 0, z: 0}
--- !u!1 &5202050638976932031
GameObject:
  m_ObjectHideFlags: 0
  m_CorrespondingSourceObject: {fileID: 0}
  m_PrefabInstance: {fileID: 0}
  m_PrefabAsset: {fileID: 0}
  serializedVersion: 6
  m_Component:
  - component: {fileID: 5202050638977418399}
  m_Layer: 0
  m_Name: jaw_end
  m_TagString: Untagged
  m_Icon: {fileID: 0}
  m_NavMeshLayer: 0
  m_StaticEditorFlags: 0
  m_IsActive: 1
--- !u!4 &5202050638977418399
Transform:
  m_ObjectHideFlags: 0
  m_CorrespondingSourceObject: {fileID: 0}
  m_PrefabInstance: {fileID: 0}
  m_PrefabAsset: {fileID: 0}
  m_GameObject: {fileID: 5202050638976932031}
  m_LocalRotation: {x: 0, y: -0, z: -0, w: 1}
  m_LocalPosition: {x: -0, y: 0.0063617444, z: 0}
  m_LocalScale: {x: 1, y: 1, z: 1}
  m_Children: []
  m_Father: {fileID: 5202050638977418397}
  m_RootOrder: 0
  m_LocalEulerAnglesHint: {x: 0, y: 0, z: 0}
--- !u!1 &5202050638976932065
GameObject:
  m_ObjectHideFlags: 0
  m_CorrespondingSourceObject: {fileID: 0}
  m_PrefabInstance: {fileID: 0}
  m_PrefabAsset: {fileID: 0}
  serializedVersion: 6
  m_Component:
  - component: {fileID: 5202050638977418433}
  m_Layer: 0
  m_Name: Bottom_arm.L
  m_TagString: Untagged
  m_Icon: {fileID: 0}
  m_NavMeshLayer: 0
  m_StaticEditorFlags: 0
  m_IsActive: 1
--- !u!4 &5202050638977418433
Transform:
  m_ObjectHideFlags: 0
  m_CorrespondingSourceObject: {fileID: 0}
  m_PrefabInstance: {fileID: 0}
  m_PrefabAsset: {fileID: 0}
  m_GameObject: {fileID: 5202050638976932065}
  m_LocalRotation: {x: 0.011676819, y: 0.09438763, z: -0.021763204, w: 0.9952291}
  m_LocalPosition: {x: 0.0000000012037344, y: 0.0052652485, z: 1.3038516e-10}
  m_LocalScale: {x: 0.9999999, y: 0.9999999, z: 1}
  m_Children:
  - {fileID: 5202050638977418381}
  m_Father: {fileID: 5202050638977418569}
  m_RootOrder: 0
  m_LocalEulerAnglesHint: {x: 0, y: 0, z: 0}
--- !u!1 &5202050638976932067
GameObject:
  m_ObjectHideFlags: 0
  m_CorrespondingSourceObject: {fileID: 0}
  m_PrefabInstance: {fileID: 0}
  m_PrefabAsset: {fileID: 0}
  serializedVersion: 6
  m_Component:
  - component: {fileID: 5202050638977418435}
  m_Layer: 0
  m_Name: Bottom_arm.R
  m_TagString: Untagged
  m_Icon: {fileID: 0}
  m_NavMeshLayer: 0
  m_StaticEditorFlags: 0
  m_IsActive: 1
--- !u!4 &5202050638977418435
Transform:
  m_ObjectHideFlags: 0
  m_CorrespondingSourceObject: {fileID: 0}
  m_PrefabInstance: {fileID: 0}
  m_PrefabAsset: {fileID: 0}
  m_GameObject: {fileID: 5202050638976932067}
  m_LocalRotation: {x: 0.0047789207, y: 0.015655275, z: 0.024227263, w: 0.9995725}
  m_LocalPosition: {x: -2.1420418e-10, y: 0.005265249, z: -1.8626451e-11}
  m_LocalScale: {x: 1, y: 0.9999998, z: 0.9999999}
  m_Children:
  - {fileID: 5202050638977418383}
  m_Father: {fileID: 5202050638977418571}
  m_RootOrder: 0
  m_LocalEulerAnglesHint: {x: 0, y: 0, z: 0}
--- !u!1 &5202050638976932069
GameObject:
  m_ObjectHideFlags: 0
  m_CorrespondingSourceObject: {fileID: 0}
  m_PrefabInstance: {fileID: 0}
  m_PrefabAsset: {fileID: 0}
  serializedVersion: 6
  m_Component:
  - component: {fileID: 5202050638977418437}
  m_Layer: 0
  m_Name: Bottom_leg.L
  m_TagString: Untagged
  m_Icon: {fileID: 0}
  m_NavMeshLayer: 0
  m_StaticEditorFlags: 0
  m_IsActive: 1
--- !u!4 &5202050638977418437
Transform:
  m_ObjectHideFlags: 0
  m_CorrespondingSourceObject: {fileID: 0}
  m_PrefabInstance: {fileID: 0}
  m_PrefabAsset: {fileID: 0}
  m_GameObject: {fileID: 5202050638976932069}
  m_LocalRotation: {x: -0.02371623, y: 0.98732316, z: -0.1569343, w: 0.0014635817}
  m_LocalPosition: {x: -3.8184225e-10, y: 0.0100666005, z: 7.4505804e-11}
  m_LocalScale: {x: 1, y: 1, z: 0.99999994}
  m_Children:
  - {fileID: 5202050638977418477}
  m_Father: {fileID: 5202050638977418573}
  m_RootOrder: 0
  m_LocalEulerAnglesHint: {x: 0, y: 0, z: 0}
--- !u!1 &5202050638976932071
GameObject:
  m_ObjectHideFlags: 0
  m_CorrespondingSourceObject: {fileID: 0}
  m_PrefabInstance: {fileID: 0}
  m_PrefabAsset: {fileID: 0}
  serializedVersion: 6
  m_Component:
  - component: {fileID: 5202050638977418439}
  m_Layer: 0
  m_Name: Bottom_leg.R
  m_TagString: Untagged
  m_Icon: {fileID: 0}
  m_NavMeshLayer: 0
  m_StaticEditorFlags: 0
  m_IsActive: 1
--- !u!4 &5202050638977418439
Transform:
  m_ObjectHideFlags: 0
  m_CorrespondingSourceObject: {fileID: 0}
  m_PrefabInstance: {fileID: 0}
  m_PrefabAsset: {fileID: 0}
  m_GameObject: {fileID: 5202050638976932071}
  m_LocalRotation: {x: 0.022999927, y: 0.98730576, z: -0.15704393, w: -0.0059672743}
  m_LocalPosition: {x: -5.0524246e-10, y: 0.010066599, z: -5.122274e-11}
  m_LocalScale: {x: 1, y: 0.9999998, z: 0.9999998}
  m_Children:
  - {fileID: 5202050638977418479}
  m_Father: {fileID: 5202050638977418575}
  m_RootOrder: 0
  m_LocalEulerAnglesHint: {x: 0, y: 0, z: 0}
--- !u!1 &5202050638976932073
GameObject:
  m_ObjectHideFlags: 0
  m_CorrespondingSourceObject: {fileID: 0}
  m_PrefabInstance: {fileID: 0}
  m_PrefabAsset: {fileID: 0}
  serializedVersion: 6
  m_Component:
  - component: {fileID: 5202050638977418441}
  m_Layer: 0
  m_Name: Clavicle.L
  m_TagString: Untagged
  m_Icon: {fileID: 0}
  m_NavMeshLayer: 0
  m_StaticEditorFlags: 0
  m_IsActive: 1
--- !u!4 &5202050638977418441
Transform:
  m_ObjectHideFlags: 0
  m_CorrespondingSourceObject: {fileID: 0}
  m_PrefabInstance: {fileID: 0}
  m_PrefabAsset: {fileID: 0}
  m_GameObject: {fileID: 5202050638976932073}
  m_LocalRotation: {x: -0.14949323, y: -0.2217574, z: 0.5896492, w: 0.7620954}
  m_LocalPosition: {x: -0.00078510056, y: 0.0022088734, z: 0.0032267105}
  m_LocalScale: {x: 1, y: 0.99999994, z: 0.99999994}
  m_Children:
  - {fileID: 5202050638977418569}
  m_Father: {fileID: 5202050638977418415}
  m_RootOrder: 0
  m_LocalEulerAnglesHint: {x: 0, y: 0, z: 0}
--- !u!1 &5202050638976932075
GameObject:
  m_ObjectHideFlags: 0
  m_CorrespondingSourceObject: {fileID: 0}
  m_PrefabInstance: {fileID: 0}
  m_PrefabAsset: {fileID: 0}
  serializedVersion: 6
  m_Component:
  - component: {fileID: 5202050638977418443}
  m_Layer: 0
  m_Name: Clavicle.R
  m_TagString: Untagged
  m_Icon: {fileID: 0}
  m_NavMeshLayer: 0
  m_StaticEditorFlags: 0
  m_IsActive: 1
--- !u!4 &5202050638977418443
Transform:
  m_ObjectHideFlags: 0
  m_CorrespondingSourceObject: {fileID: 0}
  m_PrefabInstance: {fileID: 0}
  m_PrefabAsset: {fileID: 0}
  m_GameObject: {fileID: 5202050638976932075}
  m_LocalRotation: {x: 0.60292083, y: 0.62477344, z: 0.08075046, w: -0.48951417}
  m_LocalPosition: {x: 0.0007851033, y: 0.0022088734, z: 0.0032267096}
  m_LocalScale: {x: 1, y: 0.99999994, z: 1}
  m_Children:
  - {fileID: 5202050638977418571}
  m_Father: {fileID: 5202050638977418415}
  m_RootOrder: 1
  m_LocalEulerAnglesHint: {x: 0, y: 0, z: 0}
--- !u!1 &5202050638976932077
GameObject:
  m_ObjectHideFlags: 0
  m_CorrespondingSourceObject: {fileID: 0}
  m_PrefabInstance: {fileID: 0}
  m_PrefabAsset: {fileID: 0}
  serializedVersion: 6
  m_Component:
  - component: {fileID: 5202050638977418445}
  m_Layer: 0
  m_Name: Elbow_IK.L
  m_TagString: Untagged
  m_Icon: {fileID: 0}
  m_NavMeshLayer: 0
  m_StaticEditorFlags: 0
  m_IsActive: 1
--- !u!4 &5202050638977418445
Transform:
  m_ObjectHideFlags: 0
  m_CorrespondingSourceObject: {fileID: 0}
  m_PrefabInstance: {fileID: 0}
  m_PrefabAsset: {fileID: 0}
  m_GameObject: {fileID: 5202050638976932077}
  m_LocalRotation: {x: -0.12831171, y: 0.014689435, z: -0.112786986, w: 0.98519003}
  m_LocalPosition: {x: 0.0068182405, y: 0.008722933, z: 0.0010279232}
  m_LocalScale: {x: 1, y: 1, z: 0.99999994}
  m_Children:
  - {fileID: 5202050638977418447}
  m_Father: {fileID: 5202050638977418385}
  m_RootOrder: 0
  m_LocalEulerAnglesHint: {x: 0, y: 0, z: 0}
--- !u!1 &5202050638976932079
GameObject:
  m_ObjectHideFlags: 0
  m_CorrespondingSourceObject: {fileID: 0}
  m_PrefabInstance: {fileID: 0}
  m_PrefabAsset: {fileID: 0}
  serializedVersion: 6
  m_Component:
  - component: {fileID: 5202050638977418447}
  m_Layer: 0
  m_Name: Elbow_IK.L_end
  m_TagString: Untagged
  m_Icon: {fileID: 0}
  m_NavMeshLayer: 0
  m_StaticEditorFlags: 0
  m_IsActive: 1
--- !u!4 &5202050638977418447
Transform:
  m_ObjectHideFlags: 0
  m_CorrespondingSourceObject: {fileID: 0}
  m_PrefabInstance: {fileID: 0}
  m_PrefabAsset: {fileID: 0}
  m_GameObject: {fileID: 5202050638976932079}
  m_LocalRotation: {x: 0, y: -0, z: -0, w: 1}
  m_LocalPosition: {x: -0, y: 0.0041743848, z: 0}
  m_LocalScale: {x: 1, y: 1, z: 1}
  m_Children: []
  m_Father: {fileID: 5202050638977418445}
  m_RootOrder: 0
  m_LocalEulerAnglesHint: {x: 0, y: 0, z: 0}
--- !u!1 &5202050638976932081
GameObject:
  m_ObjectHideFlags: 0
  m_CorrespondingSourceObject: {fileID: 0}
  m_PrefabInstance: {fileID: 0}
  m_PrefabAsset: {fileID: 0}
  serializedVersion: 6
  m_Component:
  - component: {fileID: 5202050638977418449}
  m_Layer: 0
  m_Name: Elbow_IK.R
  m_TagString: Untagged
  m_Icon: {fileID: 0}
  m_NavMeshLayer: 0
  m_StaticEditorFlags: 0
  m_IsActive: 1
--- !u!4 &5202050638977418449
Transform:
  m_ObjectHideFlags: 0
  m_CorrespondingSourceObject: {fileID: 0}
  m_PrefabInstance: {fileID: 0}
  m_PrefabAsset: {fileID: 0}
  m_GameObject: {fileID: 5202050638976932081}
  m_LocalRotation: {x: -0.13335602, y: 0.03057028, z: 0.106775366, w: 0.9848252}
  m_LocalPosition: {x: -0.0068182405, y: 0.008722934, z: 0.0010279232}
  m_LocalScale: {x: 1, y: 1, z: 1}
  m_Children:
  - {fileID: 5202050638977418451}
  m_Father: {fileID: 5202050638977418387}
  m_RootOrder: 0
  m_LocalEulerAnglesHint: {x: 0, y: 0, z: 0}
--- !u!1 &5202050638976932083
GameObject:
  m_ObjectHideFlags: 0
  m_CorrespondingSourceObject: {fileID: 0}
  m_PrefabInstance: {fileID: 0}
  m_PrefabAsset: {fileID: 0}
  serializedVersion: 6
  m_Component:
  - component: {fileID: 5202050638977418451}
  m_Layer: 0
  m_Name: Elbow_IK.R_end
  m_TagString: Untagged
  m_Icon: {fileID: 0}
  m_NavMeshLayer: 0
  m_StaticEditorFlags: 0
  m_IsActive: 1
--- !u!4 &5202050638977418451
Transform:
  m_ObjectHideFlags: 0
  m_CorrespondingSourceObject: {fileID: 0}
  m_PrefabInstance: {fileID: 0}
  m_PrefabAsset: {fileID: 0}
  m_GameObject: {fileID: 5202050638976932083}
  m_LocalRotation: {x: 0, y: -0, z: -0, w: 1}
  m_LocalPosition: {x: -0, y: 0.0041743848, z: 0}
  m_LocalScale: {x: 1, y: 1, z: 1}
  m_Children: []
  m_Father: {fileID: 5202050638977418449}
  m_RootOrder: 0
  m_LocalEulerAnglesHint: {x: 0, y: 0, z: 0}
--- !u!1 &5202050638976932085
GameObject:
  m_ObjectHideFlags: 0
  m_CorrespondingSourceObject: {fileID: 0}
  m_PrefabInstance: {fileID: 0}
  m_PrefabAsset: {fileID: 0}
  serializedVersion: 6
  m_Component:
  - component: {fileID: 5202050638977418453}
  m_Layer: 0
  m_Name: finger1_1.L
  m_TagString: Untagged
  m_Icon: {fileID: 0}
  m_NavMeshLayer: 0
  m_StaticEditorFlags: 0
  m_IsActive: 1
--- !u!4 &5202050638977418453
Transform:
  m_ObjectHideFlags: 0
  m_CorrespondingSourceObject: {fileID: 0}
  m_PrefabInstance: {fileID: 0}
  m_PrefabAsset: {fileID: 0}
  m_GameObject: {fileID: 5202050638976932085}
  m_LocalRotation: {x: -0.17919125, y: 0.689566, z: 0.16139817, w: 0.6828909}
  m_LocalPosition: {x: 0.00006312638, y: 0.0032229607, z: 0.0011339618}
  m_LocalScale: {x: 1, y: 1, z: 0.9999998}
  m_Children:
  - {fileID: 5202050638977418457}
  m_Father: {fileID: 5202050638977418381}
  m_RootOrder: 0
  m_LocalEulerAnglesHint: {x: 0, y: 0, z: 0}
--- !u!1 &5202050638976932087
GameObject:
  m_ObjectHideFlags: 0
  m_CorrespondingSourceObject: {fileID: 0}
  m_PrefabInstance: {fileID: 0}
  m_PrefabAsset: {fileID: 0}
  serializedVersion: 6
  m_Component:
  - component: {fileID: 5202050638977418455}
  m_Layer: 0
  m_Name: finger1_1.R
  m_TagString: Untagged
  m_Icon: {fileID: 0}
  m_NavMeshLayer: 0
  m_StaticEditorFlags: 0
  m_IsActive: 1
--- !u!4 &5202050638977418455
Transform:
  m_ObjectHideFlags: 0
  m_CorrespondingSourceObject: {fileID: 0}
  m_PrefabInstance: {fileID: 0}
  m_PrefabAsset: {fileID: 0}
  m_GameObject: {fileID: 5202050638976932087}
  m_LocalRotation: {x: 0.23221393, y: 0.12838681, z: 0.065081574, w: 0.9619553}
  m_LocalPosition: {x: -0.0011022093, y: 0.003222962, z: -0.00027384257}
  m_LocalScale: {x: 1.0000001, y: 0.9999999, z: 1}
  m_Children:
  - {fileID: 5202050638977418461}
  m_Father: {fileID: 5202050638977418383}
  m_RootOrder: 0
  m_LocalEulerAnglesHint: {x: 0, y: 0, z: 0}
--- !u!1 &5202050638976932089
GameObject:
  m_ObjectHideFlags: 0
  m_CorrespondingSourceObject: {fileID: 0}
  m_PrefabInstance: {fileID: 0}
  m_PrefabAsset: {fileID: 0}
  serializedVersion: 6
  m_Component:
  - component: {fileID: 5202050638977418457}
  m_Layer: 0
  m_Name: finger1_2.L
  m_TagString: Untagged
  m_Icon: {fileID: 0}
  m_NavMeshLayer: 0
  m_StaticEditorFlags: 0
  m_IsActive: 1
--- !u!4 &5202050638977418457
Transform:
  m_ObjectHideFlags: 0
  m_CorrespondingSourceObject: {fileID: 0}
  m_PrefabInstance: {fileID: 0}
  m_PrefabAsset: {fileID: 0}
  m_GameObject: {fileID: 5202050638976932089}
  m_LocalRotation: {x: -0.19879897, y: -0.07287084, z: 0.02056293, w: 0.97711104}
  m_LocalPosition: {x: 0.000000001490116, y: 0.0026530873, z: 2.7939676e-10}
  m_LocalScale: {x: 0.99999994, y: 1, z: 1}
  m_Children:
  - {fileID: 5202050638977418459}
  m_Father: {fileID: 5202050638977418453}
  m_RootOrder: 0
  m_LocalEulerAnglesHint: {x: 0, y: 0, z: 0}
--- !u!1 &5202050638976932091
GameObject:
  m_ObjectHideFlags: 0
  m_CorrespondingSourceObject: {fileID: 0}
  m_PrefabInstance: {fileID: 0}
  m_PrefabAsset: {fileID: 0}
  serializedVersion: 6
  m_Component:
  - component: {fileID: 5202050638977418459}
  m_Layer: 0
  m_Name: finger1_2.L_end
  m_TagString: Untagged
  m_Icon: {fileID: 0}
  m_NavMeshLayer: 0
  m_StaticEditorFlags: 0
  m_IsActive: 1
--- !u!4 &5202050638977418459
Transform:
  m_ObjectHideFlags: 0
  m_CorrespondingSourceObject: {fileID: 0}
  m_PrefabInstance: {fileID: 0}
  m_PrefabAsset: {fileID: 0}
  m_GameObject: {fileID: 5202050638976932091}
  m_LocalRotation: {x: 0, y: -0, z: -0, w: 1}
  m_LocalPosition: {x: -0, y: 0.002191472, z: 0}
  m_LocalScale: {x: 1, y: 1, z: 1}
  m_Children: []
  m_Father: {fileID: 5202050638977418457}
  m_RootOrder: 0
  m_LocalEulerAnglesHint: {x: 0, y: 0, z: 0}
--- !u!1 &5202050638976932093
GameObject:
  m_ObjectHideFlags: 0
  m_CorrespondingSourceObject: {fileID: 0}
  m_PrefabInstance: {fileID: 0}
  m_PrefabAsset: {fileID: 0}
  serializedVersion: 6
  m_Component:
  - component: {fileID: 5202050638977418461}
  m_Layer: 0
  m_Name: finger1_2.R
  m_TagString: Untagged
  m_Icon: {fileID: 0}
  m_NavMeshLayer: 0
  m_StaticEditorFlags: 0
  m_IsActive: 1
--- !u!4 &5202050638977418461
Transform:
  m_ObjectHideFlags: 0
  m_CorrespondingSourceObject: {fileID: 0}
  m_PrefabInstance: {fileID: 0}
  m_PrefabAsset: {fileID: 0}
  m_GameObject: {fileID: 5202050638976932093}
  m_LocalRotation: {x: 0.18916927, y: -0.15907642, z: 0.06448856, w: 0.9668252}
  m_LocalPosition: {x: -0, y: 0.002653091, z: -9.49949e-10}
  m_LocalScale: {x: 0.99999994, y: 0.99999994, z: 0.99999994}
  m_Children:
  - {fileID: 5202050638977418463}
  m_Father: {fileID: 5202050638977418455}
  m_RootOrder: 0
  m_LocalEulerAnglesHint: {x: 0, y: 0, z: 0}
--- !u!1 &5202050638976932095
GameObject:
  m_ObjectHideFlags: 0
  m_CorrespondingSourceObject: {fileID: 0}
  m_PrefabInstance: {fileID: 0}
  m_PrefabAsset: {fileID: 0}
  serializedVersion: 6
  m_Component:
  - component: {fileID: 5202050638977418463}
  m_Layer: 0
  m_Name: finger1_2.R_end
  m_TagString: Untagged
  m_Icon: {fileID: 0}
  m_NavMeshLayer: 0
  m_StaticEditorFlags: 0
  m_IsActive: 1
--- !u!4 &5202050638977418463
Transform:
  m_ObjectHideFlags: 0
  m_CorrespondingSourceObject: {fileID: 0}
  m_PrefabInstance: {fileID: 0}
  m_PrefabAsset: {fileID: 0}
  m_GameObject: {fileID: 5202050638976932095}
  m_LocalRotation: {x: 0, y: -0, z: -0, w: 1}
  m_LocalPosition: {x: -0, y: 0.0021914726, z: 0}
  m_LocalScale: {x: 1, y: 1, z: 1}
  m_Children: []
  m_Father: {fileID: 5202050638977418461}
  m_RootOrder: 0
  m_LocalEulerAnglesHint: {x: 0, y: 0, z: 0}
--- !u!1 &5202050638976932161
GameObject:
  m_ObjectHideFlags: 0
  m_CorrespondingSourceObject: {fileID: 0}
  m_PrefabInstance: {fileID: 0}
  m_PrefabAsset: {fileID: 0}
  serializedVersion: 6
  m_Component:
  - component: {fileID: 5202050638977418401}
  m_Layer: 0
  m_Name: Knee_IK.L
  m_TagString: Untagged
  m_Icon: {fileID: 0}
  m_NavMeshLayer: 0
  m_StaticEditorFlags: 0
  m_IsActive: 1
--- !u!4 &5202050638977418401
Transform:
  m_ObjectHideFlags: 0
  m_CorrespondingSourceObject: {fileID: 0}
  m_PrefabInstance: {fileID: 0}
  m_PrefabAsset: {fileID: 0}
  m_GameObject: {fileID: 5202050638976932161}
  m_LocalRotation: {x: -0.00000079072794, y: -0.671005, z: 0.7414528, w: 0.00000072112755}
  m_LocalPosition: {x: -0, y: -0.0065058786, z: -0.010251639}
  m_LocalScale: {x: 1, y: 1.0000001, z: 1.0000001}
  m_Children:
  - {fileID: 5202050638977418403}
  m_Father: {fileID: 5202050638977418481}
  m_RootOrder: 2
  m_LocalEulerAnglesHint: {x: 0, y: 0, z: 0}
--- !u!1 &5202050638976932163
GameObject:
  m_ObjectHideFlags: 0
  m_CorrespondingSourceObject: {fileID: 0}
  m_PrefabInstance: {fileID: 0}
  m_PrefabAsset: {fileID: 0}
  serializedVersion: 6
  m_Component:
  - component: {fileID: 5202050638977418403}
  m_Layer: 0
  m_Name: Knee_IK.L_end
  m_TagString: Untagged
  m_Icon: {fileID: 0}
  m_NavMeshLayer: 0
  m_StaticEditorFlags: 0
  m_IsActive: 1
--- !u!4 &5202050638977418403
Transform:
  m_ObjectHideFlags: 0
  m_CorrespondingSourceObject: {fileID: 0}
  m_PrefabInstance: {fileID: 0}
  m_PrefabAsset: {fileID: 0}
  m_GameObject: {fileID: 5202050638976932163}
  m_LocalRotation: {x: 0, y: -0, z: -0, w: 1}
  m_LocalPosition: {x: -0, y: 0.0053996677, z: 0}
  m_LocalScale: {x: 1, y: 1, z: 1}
  m_Children: []
  m_Father: {fileID: 5202050638977418401}
  m_RootOrder: 0
  m_LocalEulerAnglesHint: {x: 0, y: 0, z: 0}
--- !u!1 &5202050638976932165
GameObject:
  m_ObjectHideFlags: 0
  m_CorrespondingSourceObject: {fileID: 0}
  m_PrefabInstance: {fileID: 0}
  m_PrefabAsset: {fileID: 0}
  serializedVersion: 6
  m_Component:
  - component: {fileID: 5202050638977418405}
  m_Layer: 0
  m_Name: Knee_IK.R
  m_TagString: Untagged
  m_Icon: {fileID: 0}
  m_NavMeshLayer: 0
  m_StaticEditorFlags: 0
  m_IsActive: 1
--- !u!4 &5202050638977418405
Transform:
  m_ObjectHideFlags: 0
  m_CorrespondingSourceObject: {fileID: 0}
  m_PrefabInstance: {fileID: 0}
  m_PrefabAsset: {fileID: 0}
  m_GameObject: {fileID: 5202050638976932165}
  m_LocalRotation: {x: -0.000001290246, y: -0.67100537, z: 0.7414525, w: 0.0000011670238}
  m_LocalPosition: {x: -0, y: -0.006505879, z: -0.0102516385}
  m_LocalScale: {x: 1, y: 0.9999996, z: 0.99999994}
  m_Children:
  - {fileID: 5202050638977418407}
  m_Father: {fileID: 5202050638977418483}
  m_RootOrder: 2
  m_LocalEulerAnglesHint: {x: 0, y: 0, z: 0}
--- !u!1 &5202050638976932167
GameObject:
  m_ObjectHideFlags: 0
  m_CorrespondingSourceObject: {fileID: 0}
  m_PrefabInstance: {fileID: 0}
  m_PrefabAsset: {fileID: 0}
  serializedVersion: 6
  m_Component:
  - component: {fileID: 5202050638977418407}
  m_Layer: 0
  m_Name: Knee_IK.R_end
  m_TagString: Untagged
  m_Icon: {fileID: 0}
  m_NavMeshLayer: 0
  m_StaticEditorFlags: 0
  m_IsActive: 1
--- !u!4 &5202050638977418407
Transform:
  m_ObjectHideFlags: 0
  m_CorrespondingSourceObject: {fileID: 0}
  m_PrefabInstance: {fileID: 0}
  m_PrefabAsset: {fileID: 0}
  m_GameObject: {fileID: 5202050638976932167}
  m_LocalRotation: {x: 0, y: -0, z: -0, w: 1}
  m_LocalPosition: {x: -0, y: 0.0053996653, z: 0}
  m_LocalScale: {x: 1, y: 1, z: 1}
  m_Children: []
  m_Father: {fileID: 5202050638977418405}
  m_RootOrder: 0
  m_LocalEulerAnglesHint: {x: 0, y: 0, z: 0}
--- !u!1 &5202050638976932169
GameObject:
  m_ObjectHideFlags: 0
  m_CorrespondingSourceObject: {fileID: 0}
  m_PrefabInstance: {fileID: 0}
  m_PrefabAsset: {fileID: 0}
  serializedVersion: 6
  m_Component:
  - component: {fileID: 5202050638977418409}
  m_Layer: 0
  m_Name: Neck
  m_TagString: Untagged
  m_Icon: {fileID: 0}
  m_NavMeshLayer: 0
  m_StaticEditorFlags: 0
  m_IsActive: 1
--- !u!4 &5202050638977418409
Transform:
  m_ObjectHideFlags: 0
  m_CorrespondingSourceObject: {fileID: 0}
  m_PrefabInstance: {fileID: 0}
  m_PrefabAsset: {fileID: 0}
  m_GameObject: {fileID: 5202050638976932169}
  m_LocalRotation: {x: 0.08610719, y: 0.00000023776441, z: -0.000000014936859, w: 0.9962859}
  m_LocalPosition: {x: -3.5527136e-17, y: 0.0060613034, z: -7.4506346e-11}
  m_LocalScale: {x: 1, y: 0.9999999, z: 0.99999994}
  m_Children:
  - {fileID: 5202050638977418389}
  m_Father: {fileID: 5202050638977418415}
  m_RootOrder: 2
  m_LocalEulerAnglesHint: {x: 0, y: 0, z: 0}
--- !u!1 &5202050638976932171
GameObject:
  m_ObjectHideFlags: 0
  m_CorrespondingSourceObject: {fileID: 0}
  m_PrefabInstance: {fileID: 0}
  m_PrefabAsset: {fileID: 0}
  serializedVersion: 6
  m_Component:
  - component: {fileID: 5202050638977418411}
  m_Layer: 0
  m_Name: spine_1
  m_TagString: Untagged
  m_Icon: {fileID: 0}
  m_NavMeshLayer: 0
  m_StaticEditorFlags: 0
  m_IsActive: 1
--- !u!4 &5202050638977418411
Transform:
  m_ObjectHideFlags: 0
  m_CorrespondingSourceObject: {fileID: 0}
  m_PrefabInstance: {fileID: 0}
  m_PrefabAsset: {fileID: 0}
  m_GameObject: {fileID: 5202050638976932171}
  m_LocalRotation: {x: 0.70680124, y: 0.000000081624336, z: 0.7074122, w: 0.000000036200962}
  m_LocalPosition: {x: -5.7042776e-10, y: 0.0064500994, z: -1.7379069e-11}
  m_LocalScale: {x: 0.99999994, y: 1, z: 1}
  m_Children:
  - {fileID: 5202050638977418413}
  - {fileID: 5202050638977418573}
  - {fileID: 5202050638977418575}
  m_Father: {fileID: 5202050638977418395}
  m_RootOrder: 0
  m_LocalEulerAnglesHint: {x: 0, y: 0, z: 0}
--- !u!1 &5202050638976932173
GameObject:
  m_ObjectHideFlags: 0
  m_CorrespondingSourceObject: {fileID: 0}
  m_PrefabInstance: {fileID: 0}
  m_PrefabAsset: {fileID: 0}
  serializedVersion: 6
  m_Component:
  - component: {fileID: 5202050638977418413}
  m_Layer: 0
  m_Name: spine_2
  m_TagString: Untagged
  m_Icon: {fileID: 0}
  m_NavMeshLayer: 0
  m_StaticEditorFlags: 0
  m_IsActive: 1
--- !u!4 &5202050638977418413
Transform:
  m_ObjectHideFlags: 0
  m_CorrespondingSourceObject: {fileID: 0}
  m_PrefabInstance: {fileID: 0}
  m_PrefabAsset: {fileID: 0}
  m_GameObject: {fileID: 5202050638976932173}
  m_LocalRotation: {x: -0.07457656, y: 0.0000000949866, z: 0.000000083873765, w: 0.99721533}
  m_LocalPosition: {x: 3.5527136e-17, y: 0.006450098, z: 7.450559e-11}
  m_LocalScale: {x: 1, y: 0.99999994, z: 0.99999994}
  m_Children:
  - {fileID: 5202050638977418415}
  m_Father: {fileID: 5202050638977418411}
  m_RootOrder: 0
  m_LocalEulerAnglesHint: {x: 0, y: 0, z: 0}
--- !u!1 &5202050638976932175
GameObject:
  m_ObjectHideFlags: 0
  m_CorrespondingSourceObject: {fileID: 0}
  m_PrefabInstance: {fileID: 0}
  m_PrefabAsset: {fileID: 0}
  serializedVersion: 6
  m_Component:
  - component: {fileID: 5202050638977418415}
  m_Layer: 0
  m_Name: spine_3
  m_TagString: Untagged
  m_Icon: {fileID: 0}
  m_NavMeshLayer: 0
  m_StaticEditorFlags: 0
  m_IsActive: 1
--- !u!4 &5202050638977418415
Transform:
  m_ObjectHideFlags: 0
  m_CorrespondingSourceObject: {fileID: 0}
  m_PrefabInstance: {fileID: 0}
  m_PrefabAsset: {fileID: 0}
  m_GameObject: {fileID: 5202050638976932175}
  m_LocalRotation: {x: -0.032351766, y: -0.00000023592395, z: 0.000000008447125, w: 0.99947655}
  m_LocalPosition: {x: -3.5110803e-17, y: 0.004680808, z: 5.8286707e-18}
  m_LocalScale: {x: 1, y: 1.0000001, z: 1.0000001}
  m_Children:
  - {fileID: 5202050638977418441}
  - {fileID: 5202050638977418443}
  - {fileID: 5202050638977418409}
  m_Father: {fileID: 5202050638977418413}
  m_RootOrder: 0
  m_LocalEulerAnglesHint: {x: 0, y: 0, z: 0}
--- !u!1 &5202050638976932177
GameObject:
  m_ObjectHideFlags: 0
  m_CorrespondingSourceObject: {fileID: 0}
  m_PrefabInstance: {fileID: 0}
  m_PrefabAsset: {fileID: 0}
  serializedVersion: 6
  m_Component:
  - component: {fileID: 5202050638977418417}
  m_Layer: 0
  m_Name: Thumb_1.L
  m_TagString: Untagged
  m_Icon: {fileID: 0}
  m_NavMeshLayer: 0
  m_StaticEditorFlags: 0
  m_IsActive: 1
--- !u!4 &5202050638977418417
Transform:
  m_ObjectHideFlags: 0
  m_CorrespondingSourceObject: {fileID: 0}
  m_PrefabInstance: {fileID: 0}
  m_PrefabAsset: {fileID: 0}
  m_GameObject: {fileID: 5202050638976932177}
  m_LocalRotation: {x: 0.5328874, y: 0.10016078, z: 0.39527318, w: 0.7414566}
  m_LocalPosition: {x: -0.00010377712, y: 0.0014154927, z: 0.0011586882}
  m_LocalScale: {x: 0.99999994, y: 1.0000001, z: 0.99999994}
  m_Children:
  - {fileID: 5202050638977418421}
  m_Father: {fileID: 5202050638977418381}
  m_RootOrder: 2
  m_LocalEulerAnglesHint: {x: 0, y: 0, z: 0}
--- !u!1 &5202050638976932179
GameObject:
  m_ObjectHideFlags: 0
  m_CorrespondingSourceObject: {fileID: 0}
  m_PrefabInstance: {fileID: 0}
  m_PrefabAsset: {fileID: 0}
  serializedVersion: 6
  m_Component:
  - component: {fileID: 5202050638977418419}
  m_Layer: 0
  m_Name: Thumb_1.R
  m_TagString: Untagged
  m_Icon: {fileID: 0}
  m_NavMeshLayer: 0
  m_StaticEditorFlags: 0
  m_IsActive: 1
--- !u!4 &5202050638977418419
Transform:
  m_ObjectHideFlags: 0
  m_CorrespondingSourceObject: {fileID: 0}
  m_PrefabInstance: {fileID: 0}
  m_PrefabAsset: {fileID: 0}
  m_GameObject: {fileID: 5202050638976932179}
  m_LocalRotation: {x: -0.60162795, y: 0.74288154, z: 0.27973858, w: 0.08897846}
  m_LocalPosition: {x: -0.0011576778, y: 0.0014154942, z: -0.00011449525}
  m_LocalScale: {x: 0.9999999, y: 0.99999976, z: 0.9999999}
  m_Children:
  - {fileID: 5202050638977418425}
  m_Father: {fileID: 5202050638977418383}
  m_RootOrder: 2
  m_LocalEulerAnglesHint: {x: 0, y: 0, z: 0}
--- !u!1 &5202050638976932181
GameObject:
  m_ObjectHideFlags: 0
  m_CorrespondingSourceObject: {fileID: 0}
  m_PrefabInstance: {fileID: 0}
  m_PrefabAsset: {fileID: 0}
  serializedVersion: 6
  m_Component:
  - component: {fileID: 5202050638977418421}
  m_Layer: 0
  m_Name: Thumb_2.L
  m_TagString: Untagged
  m_Icon: {fileID: 0}
  m_NavMeshLayer: 0
  m_StaticEditorFlags: 0
  m_IsActive: 1
--- !u!4 &5202050638977418421
Transform:
  m_ObjectHideFlags: 0
  m_CorrespondingSourceObject: {fileID: 0}
  m_PrefabInstance: {fileID: 0}
  m_PrefabAsset: {fileID: 0}
  m_GameObject: {fileID: 5202050638976932181}
  m_LocalRotation: {x: -0.04693017, y: 0.77484965, z: -0.13622078, w: 0.61550754}
  m_LocalPosition: {x: 0.0000000010430813, y: 0.0019348705, z: 2.4214386e-10}
  m_LocalScale: {x: 0.99999994, y: 1.0000001, z: 0.9999998}
  m_Children:
  - {fileID: 5202050638977418423}
  m_Father: {fileID: 5202050638977418417}
  m_RootOrder: 0
  m_LocalEulerAnglesHint: {x: 0, y: 0, z: 0}
--- !u!1 &5202050638976932183
GameObject:
  m_ObjectHideFlags: 0
  m_CorrespondingSourceObject: {fileID: 0}
  m_PrefabInstance: {fileID: 0}
  m_PrefabAsset: {fileID: 0}
  serializedVersion: 6
  m_Component:
  - component: {fileID: 5202050638977418423}
  m_Layer: 0
  m_Name: Thumb_2.L_end
  m_TagString: Untagged
  m_Icon: {fileID: 0}
  m_NavMeshLayer: 0
  m_StaticEditorFlags: 0
  m_IsActive: 1
--- !u!4 &5202050638977418423
Transform:
  m_ObjectHideFlags: 0
  m_CorrespondingSourceObject: {fileID: 0}
  m_PrefabInstance: {fileID: 0}
  m_PrefabAsset: {fileID: 0}
  m_GameObject: {fileID: 5202050638976932183}
  m_LocalRotation: {x: 0, y: -0, z: -0, w: 1}
  m_LocalPosition: {x: -0, y: 0.002142921, z: 0}
  m_LocalScale: {x: 1, y: 1, z: 1}
  m_Children: []
  m_Father: {fileID: 5202050638977418421}
  m_RootOrder: 0
  m_LocalEulerAnglesHint: {x: 0, y: 0, z: 0}
--- !u!1 &5202050638976932185
GameObject:
  m_ObjectHideFlags: 0
  m_CorrespondingSourceObject: {fileID: 0}
  m_PrefabInstance: {fileID: 0}
  m_PrefabAsset: {fileID: 0}
  serializedVersion: 6
  m_Component:
  - component: {fileID: 5202050638977418425}
  m_Layer: 0
  m_Name: Thumb_2.R
  m_TagString: Untagged
  m_Icon: {fileID: 0}
  m_NavMeshLayer: 0
  m_StaticEditorFlags: 0
  m_IsActive: 1
--- !u!4 &5202050638977418425
Transform:
  m_ObjectHideFlags: 0
  m_CorrespondingSourceObject: {fileID: 0}
  m_PrefabInstance: {fileID: 0}
  m_PrefabAsset: {fileID: 0}
  m_GameObject: {fileID: 5202050638976932185}
  m_LocalRotation: {x: -0.10584579, y: 0.80297166, z: 0.09775071, w: 0.5783407}
  m_LocalPosition: {x: -0, y: 0.0019348703, z: -2.5145708e-10}
  m_LocalScale: {x: 0.9999999, y: 1, z: 1}
  m_Children:
  - {fileID: 5202050638977418427}
  m_Father: {fileID: 5202050638977418419}
  m_RootOrder: 0
  m_LocalEulerAnglesHint: {x: 0, y: 0, z: 0}
--- !u!1 &5202050638976932187
GameObject:
  m_ObjectHideFlags: 0
  m_CorrespondingSourceObject: {fileID: 0}
  m_PrefabInstance: {fileID: 0}
  m_PrefabAsset: {fileID: 0}
  serializedVersion: 6
  m_Component:
  - component: {fileID: 5202050638977418427}
  m_Layer: 0
  m_Name: Thumb_2.R_end
  m_TagString: Untagged
  m_Icon: {fileID: 0}
  m_NavMeshLayer: 0
  m_StaticEditorFlags: 0
  m_IsActive: 1
--- !u!4 &5202050638977418427
Transform:
  m_ObjectHideFlags: 0
  m_CorrespondingSourceObject: {fileID: 0}
  m_PrefabInstance: {fileID: 0}
  m_PrefabAsset: {fileID: 0}
  m_GameObject: {fileID: 5202050638976932187}
  m_LocalRotation: {x: 0, y: -0, z: -0, w: 1}
  m_LocalPosition: {x: -0, y: 0.002142921, z: 0}
  m_LocalScale: {x: 1, y: 1, z: 1}
  m_Children: []
  m_Father: {fileID: 5202050638977418425}
  m_RootOrder: 0
  m_LocalEulerAnglesHint: {x: 0, y: 0, z: 0}
--- !u!1 &5202050638976932189
GameObject:
  m_ObjectHideFlags: 0
  m_CorrespondingSourceObject: {fileID: 0}
  m_PrefabInstance: {fileID: 0}
  m_PrefabAsset: {fileID: 0}
  serializedVersion: 6
  m_Component:
  - component: {fileID: 5202050638977418429}
  m_Layer: 0
  m_Name: Toe.L
  m_TagString: Untagged
  m_Icon: {fileID: 0}
  m_NavMeshLayer: 0
  m_StaticEditorFlags: 0
  m_IsActive: 1
--- !u!4 &5202050638977418429
Transform:
  m_ObjectHideFlags: 0
  m_CorrespondingSourceObject: {fileID: 0}
  m_PrefabInstance: {fileID: 0}
  m_PrefabAsset: {fileID: 0}
  m_GameObject: {fileID: 5202050638976932189}
  m_LocalRotation: {x: 0.26270372, y: 0.000010540115, z: 0.0000030362366, w: 0.9648766}
  m_LocalPosition: {x: 3.9835867e-11, y: 0.0039069713, z: -9.391473e-10}
  m_LocalScale: {x: 1, y: 1, z: 0.99999994}
  m_Children:
  - {fileID: 5202050638977418431}
  m_Father: {fileID: 5202050638977418477}
  m_RootOrder: 0
  m_LocalEulerAnglesHint: {x: 0, y: 0, z: 0}
--- !u!1 &5202050638976932191
GameObject:
  m_ObjectHideFlags: 0
  m_CorrespondingSourceObject: {fileID: 0}
  m_PrefabInstance: {fileID: 0}
  m_PrefabAsset: {fileID: 0}
  serializedVersion: 6
  m_Component:
  - component: {fileID: 5202050638977418431}
  m_Layer: 0
  m_Name: Toe.L_end
  m_TagString: Untagged
  m_Icon: {fileID: 0}
  m_NavMeshLayer: 0
  m_StaticEditorFlags: 0
  m_IsActive: 1
--- !u!4 &5202050638977418431
Transform:
  m_ObjectHideFlags: 0
  m_CorrespondingSourceObject: {fileID: 0}
  m_PrefabInstance: {fileID: 0}
  m_PrefabAsset: {fileID: 0}
  m_GameObject: {fileID: 5202050638976932191}
  m_LocalRotation: {x: 0, y: -0, z: -0, w: 1}
  m_LocalPosition: {x: -0, y: 0.0033621504, z: 0}
  m_LocalScale: {x: 1, y: 1, z: 1}
  m_Children: []
  m_Father: {fileID: 5202050638977418429}
  m_RootOrder: 0
  m_LocalEulerAnglesHint: {x: 0, y: 0, z: 0}
--- !u!1 &5202050638976932193
GameObject:
  m_ObjectHideFlags: 0
  m_CorrespondingSourceObject: {fileID: 0}
  m_PrefabInstance: {fileID: 0}
  m_PrefabAsset: {fileID: 0}
  serializedVersion: 6
  m_Component:
  - component: {fileID: 5202050638977418561}
  m_Layer: 0
  m_Name: Toe.R
  m_TagString: Untagged
  m_Icon: {fileID: 0}
  m_NavMeshLayer: 0
  m_StaticEditorFlags: 0
  m_IsActive: 1
--- !u!4 &5202050638977418561
Transform:
  m_ObjectHideFlags: 0
  m_CorrespondingSourceObject: {fileID: 0}
  m_PrefabInstance: {fileID: 0}
  m_PrefabAsset: {fileID: 0}
  m_GameObject: {fileID: 5202050638976932193}
  m_LocalRotation: {x: 0.26270425, y: 0.0000129286545, z: 0.0000036572549, w: 0.9648764}
  m_LocalPosition: {x: 1.1906749e-10, y: 0.0039069643, z: 0.0000000021207542}
  m_LocalScale: {x: 1, y: 1, z: 1}
  m_Children:
  - {fileID: 5202050638977418563}
  m_Father: {fileID: 5202050638977418479}
  m_RootOrder: 0
  m_LocalEulerAnglesHint: {x: 0, y: 0, z: 0}
--- !u!1 &5202050638976932195
GameObject:
  m_ObjectHideFlags: 0
  m_CorrespondingSourceObject: {fileID: 0}
  m_PrefabInstance: {fileID: 0}
  m_PrefabAsset: {fileID: 0}
  serializedVersion: 6
  m_Component:
  - component: {fileID: 5202050638977418563}
  m_Layer: 0
  m_Name: Toe.R_end
  m_TagString: Untagged
  m_Icon: {fileID: 0}
  m_NavMeshLayer: 0
  m_StaticEditorFlags: 0
  m_IsActive: 1
--- !u!4 &5202050638977418563
Transform:
  m_ObjectHideFlags: 0
  m_CorrespondingSourceObject: {fileID: 0}
  m_PrefabInstance: {fileID: 0}
  m_PrefabAsset: {fileID: 0}
  m_GameObject: {fileID: 5202050638976932195}
  m_LocalRotation: {x: 0, y: -0, z: -0, w: 1}
  m_LocalPosition: {x: -0, y: 0.0033621474, z: 0}
  m_LocalScale: {x: 1, y: 1, z: 1}
  m_Children: []
  m_Father: {fileID: 5202050638977418561}
  m_RootOrder: 0
  m_LocalEulerAnglesHint: {x: 0, y: 0, z: 0}
--- !u!1 &5202050638976932197
GameObject:
  m_ObjectHideFlags: 0
  m_CorrespondingSourceObject: {fileID: 0}
  m_PrefabInstance: {fileID: 0}
  m_PrefabAsset: {fileID: 0}
  serializedVersion: 6
  m_Component:
  - component: {fileID: 5202050638977418565}
  m_Layer: 0
  m_Name: Toe_roll.L
  m_TagString: Untagged
  m_Icon: {fileID: 0}
  m_NavMeshLayer: 0
  m_StaticEditorFlags: 0
  m_IsActive: 1
--- !u!4 &5202050638977418565
Transform:
  m_ObjectHideFlags: 0
  m_CorrespondingSourceObject: {fileID: 0}
  m_PrefabInstance: {fileID: 0}
  m_PrefabAsset: {fileID: 0}
  m_GameObject: {fileID: 5202050638976932197}
  m_LocalRotation: {x: 0.0000000637203, y: -0.0000000042378945, z: 1, w: 3.3127223e-16}
  m_LocalPosition: {x: -1.4392668e-10, y: 0.004802148, z: -0.00000001012536}
  m_LocalScale: {x: 1, y: 0.99999976, z: 1}
  m_Children:
  - {fileID: 5202050638977418485}
  m_Father: {fileID: 5202050638977418391}
  m_RootOrder: 0
  m_LocalEulerAnglesHint: {x: 0, y: 0, z: 0}
--- !u!1 &5202050638976932199
GameObject:
  m_ObjectHideFlags: 0
  m_CorrespondingSourceObject: {fileID: 0}
  m_PrefabInstance: {fileID: 0}
  m_PrefabAsset: {fileID: 0}
  serializedVersion: 6
  m_Component:
  - component: {fileID: 5202050638977418567}
  m_Layer: 0
  m_Name: Toe_roll.R
  m_TagString: Untagged
  m_Icon: {fileID: 0}
  m_NavMeshLayer: 0
  m_StaticEditorFlags: 0
  m_IsActive: 1
--- !u!4 &5202050638977418567
Transform:
  m_ObjectHideFlags: 0
  m_CorrespondingSourceObject: {fileID: 0}
  m_PrefabInstance: {fileID: 0}
  m_PrefabAsset: {fileID: 0}
  m_GameObject: {fileID: 5202050638976932199}
  m_LocalRotation: {x: -0.00000007549791, y: -4.6229134e-24, z: 1, w: -6.123234e-17}
  m_LocalPosition: {x: 7.399725e-10, y: 0.004802147, z: -0.000000006577145}
  m_LocalScale: {x: 1, y: 1, z: 1}
  m_Children:
  - {fileID: 5202050638977418489}
  m_Father: {fileID: 5202050638977418393}
  m_RootOrder: 0
  m_LocalEulerAnglesHint: {x: 0, y: 0, z: 0}
--- !u!1 &5202050638976932201
GameObject:
  m_ObjectHideFlags: 0
  m_CorrespondingSourceObject: {fileID: 0}
  m_PrefabInstance: {fileID: 0}
  m_PrefabAsset: {fileID: 0}
  serializedVersion: 6
  m_Component:
  - component: {fileID: 5202050638977418569}
  m_Layer: 0
  m_Name: Upper_arm.L
  m_TagString: Untagged
  m_Icon: {fileID: 0}
  m_NavMeshLayer: 0
  m_StaticEditorFlags: 0
  m_IsActive: 1
--- !u!4 &5202050638977418569
Transform:
  m_ObjectHideFlags: 0
  m_CorrespondingSourceObject: {fileID: 0}
  m_PrefabInstance: {fileID: 0}
  m_PrefabAsset: {fileID: 0}
  m_GameObject: {fileID: 5202050638976932201}
  m_LocalRotation: {x: 0.25274116, y: -0.04897293, z: 0.21180399, w: 0.9427951}
  m_LocalPosition: {x: -0.0019046516, y: 0.0045475285, z: -0.0001276353}
  m_LocalScale: {x: 1.0000002, y: 1.0000001, z: 0.99999994}
  m_Children:
  - {fileID: 5202050638977418433}
  m_Father: {fileID: 5202050638977418441}
  m_RootOrder: 0
  m_LocalEulerAnglesHint: {x: 0, y: 0, z: 0}
--- !u!1 &5202050638976932203
GameObject:
  m_ObjectHideFlags: 0
  m_CorrespondingSourceObject: {fileID: 0}
  m_PrefabInstance: {fileID: 0}
  m_PrefabAsset: {fileID: 0}
  serializedVersion: 6
  m_Component:
  - component: {fileID: 5202050638977418571}
  m_Layer: 0
  m_Name: Upper_arm.R
  m_TagString: Untagged
  m_Icon: {fileID: 0}
  m_NavMeshLayer: 0
  m_StaticEditorFlags: 0
  m_IsActive: 1
--- !u!4 &5202050638977418571
Transform:
  m_ObjectHideFlags: 0
  m_CorrespondingSourceObject: {fileID: 0}
  m_PrefabInstance: {fileID: 0}
  m_PrefabAsset: {fileID: 0}
  m_GameObject: {fileID: 5202050638976932203}
  m_LocalRotation: {x: -0.10242079, y: 0.89249635, z: -0.31567413, w: 0.3054672}
  m_LocalPosition: {x: -0.0014649753, y: 0.004547528, z: -0.001223858}
  m_LocalScale: {x: 1.0000001, y: 1.0000001, z: 1}
  m_Children:
  - {fileID: 5202050638977418435}
  m_Father: {fileID: 5202050638977418443}
  m_RootOrder: 0
  m_LocalEulerAnglesHint: {x: 0, y: 0, z: 0}
--- !u!1 &5202050638976932205
GameObject:
  m_ObjectHideFlags: 0
  m_CorrespondingSourceObject: {fileID: 0}
  m_PrefabInstance: {fileID: 0}
  m_PrefabAsset: {fileID: 0}
  serializedVersion: 6
  m_Component:
  - component: {fileID: 5202050638977418573}
  m_Layer: 0
  m_Name: Upper_leg.L
  m_TagString: Untagged
  m_Icon: {fileID: 0}
  m_NavMeshLayer: 0
  m_StaticEditorFlags: 0
  m_IsActive: 1
--- !u!4 &5202050638977418573
Transform:
  m_ObjectHideFlags: 0
  m_CorrespondingSourceObject: {fileID: 0}
  m_PrefabInstance: {fileID: 0}
  m_PrefabAsset: {fileID: 0}
  m_GameObject: {fileID: 5202050638976932205}
  m_LocalRotation: {x: -0.009669587, y: 0.081898406, z: 0.99630255, w: 0.024092892}
  m_LocalPosition: {x: -0.0036079714, y: 0.0016430571, z: -0.0008478991}
  m_LocalScale: {x: 1, y: 1.0000001, z: 1.0000002}
  m_Children:
  - {fileID: 5202050638977418437}
  m_Father: {fileID: 5202050638977418411}
  m_RootOrder: 1
  m_LocalEulerAnglesHint: {x: 0, y: 0, z: 0}
--- !u!1 &5202050638976932207
GameObject:
  m_ObjectHideFlags: 0
  m_CorrespondingSourceObject: {fileID: 0}
  m_PrefabInstance: {fileID: 0}
  m_PrefabAsset: {fileID: 0}
  serializedVersion: 6
  m_Component:
  - component: {fileID: 5202050638977418575}
  m_Layer: 0
  m_Name: Upper_leg.R
  m_TagString: Untagged
  m_Icon: {fileID: 0}
  m_NavMeshLayer: 0
  m_StaticEditorFlags: 0
  m_IsActive: 1
--- !u!4 &5202050638977418575
Transform:
  m_ObjectHideFlags: 0
  m_CorrespondingSourceObject: {fileID: 0}
  m_PrefabInstance: {fileID: 0}
  m_PrefabAsset: {fileID: 0}
  m_GameObject: {fileID: 5202050638976932207}
  m_LocalRotation: {x: 0.009646394, y: 0.08204778, z: 0.9963031, w: -0.023563787}
  m_LocalPosition: {x: 0.0036079725, y: 0.0016430581, z: -0.00084790064}
  m_LocalScale: {x: 1.0000002, y: 1.0000002, z: 1.0000024}
  m_Children:
  - {fileID: 5202050638977418439}
  m_Father: {fileID: 5202050638977418411}
  m_RootOrder: 2
  m_LocalEulerAnglesHint: {x: 0, y: 0, z: 0}
--- !u!1 &5202050638976932209
GameObject:
  m_ObjectHideFlags: 0
  m_CorrespondingSourceObject: {fileID: 0}
  m_PrefabInstance: {fileID: 0}
  m_PrefabAsset: {fileID: 0}
  serializedVersion: 6
  m_Component:
  - component: {fileID: 5202050638977418577}
  m_Layer: 0
  m_Name: Vis_1
  m_TagString: Untagged
  m_Icon: {fileID: 0}
  m_NavMeshLayer: 0
  m_StaticEditorFlags: 0
  m_IsActive: 1
--- !u!4 &5202050638977418577
Transform:
  m_ObjectHideFlags: 0
  m_CorrespondingSourceObject: {fileID: 0}
  m_PrefabInstance: {fileID: 0}
  m_PrefabAsset: {fileID: 0}
  m_GameObject: {fileID: 5202050638976932209}
  m_LocalRotation: {x: 0.9944551, y: 0.0000000021633577, z: 0.00000011674236, w: 0.10516238}
  m_LocalPosition: {x: -6.6555556e-10, y: 0.0038241309, z: -0.004974774}
  m_LocalScale: {x: 1, y: 1, z: 1.0000019}
  m_Children:
  - {fileID: 5202050638977418579}
  m_Father: {fileID: 5202050638977418389}
  m_RootOrder: 1
  m_LocalEulerAnglesHint: {x: 0, y: 0, z: 0}
--- !u!1 &5202050638976932211
GameObject:
  m_ObjectHideFlags: 0
  m_CorrespondingSourceObject: {fileID: 0}
  m_PrefabInstance: {fileID: 0}
  m_PrefabAsset: {fileID: 0}
  serializedVersion: 6
  m_Component:
  - component: {fileID: 5202050638977418579}
  m_Layer: 0
  m_Name: Vis_1_end
  m_TagString: Untagged
  m_Icon: {fileID: 0}
  m_NavMeshLayer: 0
  m_StaticEditorFlags: 0
  m_IsActive: 1
--- !u!4 &5202050638977418579
Transform:
  m_ObjectHideFlags: 0
  m_CorrespondingSourceObject: {fileID: 0}
  m_PrefabInstance: {fileID: 0}
  m_PrefabAsset: {fileID: 0}
  m_GameObject: {fileID: 5202050638976932211}
  m_LocalRotation: {x: 0, y: -0, z: -0, w: 1}
  m_LocalPosition: {x: -0, y: 0.0069488925, z: 0}
  m_LocalScale: {x: 1, y: 1, z: 1}
  m_Children: []
  m_Father: {fileID: 5202050638977418577}
  m_RootOrder: 0
  m_LocalEulerAnglesHint: {x: 0, y: 0, z: 0}
--- !u!1 &5202050638976932213
GameObject:
  m_ObjectHideFlags: 0
  m_CorrespondingSourceObject: {fileID: 0}
  m_PrefabInstance: {fileID: 0}
  m_PrefabAsset: {fileID: 0}
  serializedVersion: 6
  m_Component:
  - component: {fileID: 5202050638977418581}
  m_Layer: 0
  m_Name: Weapon_bone.L
  m_TagString: Untagged
  m_Icon: {fileID: 0}
  m_NavMeshLayer: 0
  m_StaticEditorFlags: 0
  m_IsActive: 1
--- !u!4 &5202050638977418581
Transform:
  m_ObjectHideFlags: 0
  m_CorrespondingSourceObject: {fileID: 0}
  m_PrefabInstance: {fileID: 0}
  m_PrefabAsset: {fileID: 0}
  m_GameObject: {fileID: 5202050638976932213}
  m_LocalRotation: {x: -0.45943245, y: 0.5235917, z: 0.5758364, w: -0.4280024}
  m_LocalPosition: {x: -0.0018473065, y: 0.004062232, z: 0.0005497413}
  m_LocalScale: {x: 0.9999996, y: 0.9999999, z: 0.99999994}
  m_Children:
  - {fileID: 5202050638977418583}
  m_Father: {fileID: 5202050638977418381}
  m_RootOrder: 3
  m_LocalEulerAnglesHint: {x: 0, y: 0, z: 0}
--- !u!1 &5202050638976932215
GameObject:
  m_ObjectHideFlags: 0
  m_CorrespondingSourceObject: {fileID: 0}
  m_PrefabInstance: {fileID: 0}
  m_PrefabAsset: {fileID: 0}
  serializedVersion: 6
  m_Component:
  - component: {fileID: 5202050638977418583}
  m_Layer: 0
  m_Name: Weapon_bone.L_end
  m_TagString: Untagged
  m_Icon: {fileID: 0}
  m_NavMeshLayer: 0
  m_StaticEditorFlags: 0
  m_IsActive: 1
--- !u!4 &5202050638977418583
Transform:
  m_ObjectHideFlags: 0
  m_CorrespondingSourceObject: {fileID: 0}
  m_PrefabInstance: {fileID: 0}
  m_PrefabAsset: {fileID: 0}
  m_GameObject: {fileID: 5202050638976932215}
  m_LocalRotation: {x: 0, y: -0, z: -0, w: 1}
  m_LocalPosition: {x: -0, y: 0.014709832, z: 0}
  m_LocalScale: {x: 1, y: 1, z: 1}
  m_Children: []
  m_Father: {fileID: 5202050638977418581}
  m_RootOrder: 0
  m_LocalEulerAnglesHint: {x: 0, y: 0, z: 0}
--- !u!1 &5202050638976932217
GameObject:
  m_ObjectHideFlags: 0
  m_CorrespondingSourceObject: {fileID: 0}
  m_PrefabInstance: {fileID: 0}
  m_PrefabAsset: {fileID: 0}
  serializedVersion: 6
  m_Component:
  - component: {fileID: 5202050638977418585}
  m_Layer: 0
  m_Name: Weapon_bone.R
  m_TagString: Untagged
  m_Icon: {fileID: 0}
  m_NavMeshLayer: 0
  m_StaticEditorFlags: 0
  m_IsActive: 1
--- !u!4 &5202050638977418585
Transform:
  m_ObjectHideFlags: 0
  m_CorrespondingSourceObject: {fileID: 0}
  m_PrefabInstance: {fileID: 0}
  m_PrefabAsset: {fileID: 0}
  m_GameObject: {fileID: 5202050638976932217}
  m_LocalRotation: {x: -0.07287362, y: -0.005838787, z: 0.73557734, w: 0.67348456}
  m_LocalPosition: {x: -0.00056043407, y: 0.0030015141, z: 0.0013325583}
  m_LocalScale: {x: 1, y: 1.0000001, z: 0.9999999}
  m_Children:
  - {fileID: 5202050638977418587}
  m_Father: {fileID: 5202050638977418383}
  m_RootOrder: 3
  m_LocalEulerAnglesHint: {x: 0, y: 0, z: 0}
--- !u!1 &5202050638976932219
GameObject:
  m_ObjectHideFlags: 0
  m_CorrespondingSourceObject: {fileID: 0}
  m_PrefabInstance: {fileID: 0}
  m_PrefabAsset: {fileID: 0}
  serializedVersion: 6
  m_Component:
  - component: {fileID: 5202050638977418587}
  m_Layer: 0
  m_Name: Weapon_bone.R_end
  m_TagString: Untagged
  m_Icon: {fileID: 0}
  m_NavMeshLayer: 0
  m_StaticEditorFlags: 0
  m_IsActive: 1
--- !u!4 &5202050638977418587
Transform:
  m_ObjectHideFlags: 0
  m_CorrespondingSourceObject: {fileID: 0}
  m_PrefabInstance: {fileID: 0}
  m_PrefabAsset: {fileID: 0}
  m_GameObject: {fileID: 5202050638976932219}
  m_LocalRotation: {x: 0, y: -0, z: -0, w: 1}
  m_LocalPosition: {x: -0, y: 0.014709835, z: 0}
  m_LocalScale: {x: 1, y: 1, z: 1}
  m_Children: []
  m_Father: {fileID: 5202050638977418585}
  m_RootOrder: 0
  m_LocalEulerAnglesHint: {x: 0, y: 0, z: 0}
